{"type": "quote", "symbol": "IBIT", "bid": 39.66, "ask": 39.66, "mid": 39.66, "last": 39.66, "timestamp": 1770404036.0, "source": "yahoo", "volume_24h": 127373652.0, "source_ts": 1770404036.0, "event_ts": 1770404037.4454384, "receive_time": 1770404037.4454386}
{"type": "quote", "symbol": "BTC-INDEX", "bid": 69867.31, "ask": 69867.31, "mid": 69867.31, "last": 69867.31, "timestamp": 1770404037.513963, "source": "deribit", "volume_24h": 0.0, "source_ts": 1770404037.513963, "event_ts": 1770404037.6591775, "receive_time": 1770404037.659178}
{"type": "quote", "symbol": "BTC-INDEX", "bid": 69867.31, "ask": 69867.31, "mid": 69867.31, "last": 69867.31, "timestamp": 1770404037.531307, "source": "deribit", "volume_24h": 0.0, "source_ts": 1770404037.531307, "event_ts": 1770404039.689121, "receive_time": 1770404039.6891212}
{"type": "quote", "symbol": "BTC-INDEX", "bid": 69867.31, "ask": 69867.31, "mid": 69867.31, "last": 69867.31, "timestamp": 1770404037.534083, "source": "deribit", "volume_24h": 0.0, "source_ts": 1770404037.534083, "event_ts": 1770404039.6946898, "receive_time": 1770404039.6946902}
{"type": "quote", "symbol": "BTC-INDEX", "bid": 69867.31, "ask": 69867.31, "mid": 69867.31, "last": 69867.31, "timestamp": 1770404037.532247, "source": "deribit", "volume_24h": 0.0, "source_ts": 1770404037.532247, "event_ts": 1770404039.70101, "receive_time": 1770404039.7010107}
{"type": "quote", "symbol": "BITO", "bid": 9.67, "ask": 9.67, "mid": 9.67, "last": 9.67, "timestamp": 1770404026.0, "source": "yahoo", "volume_24h": 53247642.0, "source_ts": 1770404026.0, "event_ts": 1770404041.4620562, "receive_time": 1770404041.4620566}
{"type": "minute_tick", "timestamp": 1770404040}
{"type": "quote", "symbol": "BTCUSDT", "bid": 69874.0, "ask": 69874.1, "mid": 69874.05, "last": 69874.4, "timestamp": 1770404041.4675462, "source": "bybit", "volume_24h": 302039.934, "source_ts": 1770404038.292, "event_ts": 1770404041.467551, "receive_time": 1770404041.4675512}
{"type": "quote", "symbol": "BTCUSDT", "bid": 69874.0, "ask": 69874.1, "mid": 69874.05, "last": 0.0, "timestamp": 1770404041.4676313, "source": "bybit", "volume_24h": 0.0, "source_ts": 1770404038.392, "event_ts": 1770404041.4676335, "receive_time": 1770404041.4676337}
{"type": "quote", "symbol": "BTCUSDT", "bid": 69874.0, "ask": 69874.1, "mid": 69874.05, "last": 0.0, "timestamp": 1770404041.4676654, "source": "bybit", "volume_24h": 0.0, "source_ts": 1770404038.492, "event_ts": 1770404041.4676669, "receive_time": 1770404041.4676669}
{"type": "quote", "symbol": "BTCUSDT", "bid": 69876.1, "ask": 69876.2, "mid": 69876.15, "last": 69874.7, "timestamp": 1770404041.4676962, "source": "bybit", "volume_24h": 302039.943, "source_ts": 1770404038.592, "event_ts": 1770404041.4676974, "receive_time": 1770404041.4676976}
{"type": "quote", "symbol": "BTCUSDT", "bid": 69876.9, "ask": 69877.0, "mid": 69876.95, "last": 69876.2, "timestamp": 1770404041.4677234, "source": "bybit", "volume_24h": 302039.965, "source_ts": 1770404038.692, "event_ts": 1770404041.4677248, "receive_time": 1770404041.4677248}
{"type": "quote", "symbol": "BTCUSDT", "bid": 0.0, "ask": 0.0, "mid": 0.0, "last": 0.0, "timestamp": 1770404041.4677482, "source": "bybit", "volume_24h": 0.0, "source_ts": 1770404038.792, "event_ts": 1770404041.4677494, "receive_time": 1770404041.4677494}
{"type": "quote", "symbol": "BTCUSDT", "bid": 69876.9, "ask": 0.0, "mid": 69876.9, "last": 69876.9, "timestamp": 1770404041.467773, "source": "bybit", "volume_24h": 302040.105, "source_ts": 1770404038.892, "event_ts": 1770404041.4677742, "receive_time": 1770404041.4677742}
{"type": "quote", "symbol": "BTCUSDT", "bid": 69878.3, "ask": 69878.4, "mid": 69878.35, "last": 69877.6, "timestamp": 1770404041.4677958, "source": "bybit", "volume_24h": 302040.166, "source_ts": 1770404038.992, "event_ts": 1770404041.4677975, "receive_time": 1770404041.4677975}
{"type": "quote", "symbol": "BTCUSDT", "bid": 69878.3, "ask": 0.0, "mid": 0.0, "last": 0.0, "timestamp": 1770404041.4678178, "source": "bybit", "volume_24h": 0.0, "source_ts": 1770404039.092, "event_ts": 1770404041.4678187, "receive_time": 1770404041.467819}
{"type": "quote", "symbol": "BTCUSDT", "bid": 69897.5, "ask": 69897.6, "mid": 69897.55, "last": 69897.2, "timestamp": 1770404041.4678414, "source": "bybit", "volume_24h": 302102.858, "source_ts": 1770404039.192, "event_ts": 1770404041.4678426, "receive_time": 1770404041.4678428}
{"type": "quote", "symbol": "BTCUSDT", "bid": 69916.8, "ask": 69916.9, "mid": 69916.85, "last": 69916.9, "timestamp": 1770404041.4678643, "source": "bybit", "volume_24h": 302104.335, "source_ts": 1770404039.292, "event_ts": 1770404041.4678657, "receive_time": 1770404041.4678657}
{"type": "quote", "symbol": "BTCUSDT", "bid": 69916.8, "ask": 69916.9, "mid": 69916.85, "last": 0.0, "timestamp": 1770404041.4678872, "source": "bybit", "volume_24h": 0.0, "source_ts": 1770404039.392, "event_ts": 1770404041.4678884, "receive_time": 1770404041.4678884}
{"type": "quote", "symbol": "BTCUSDT", "bid": 69916.8, "ask": 69916.9, "mid": 69916.85, "last": 0.0, "timestamp": 1770404041.4679093, "source": "bybit", "volume_24h": 302104.355, "source_ts": 1770404039.492, "event_ts": 1770404041.467911, "receive_time": 1770404041.467911}
{"type": "quote", "symbol": "BTCUSDT", "bid": 69916.8, "ask": 69916.9, "mid": 69916.85, "last": 0.0, "timestamp": 1770404041.4679308, "source": "bybit", "volume_24h": 0.0, "source_ts": 1770404039.592, "event_ts": 1770404041.467932, "receive_time": 1770404041.4679322}
{"type": "quote", "symbol": "BTCUSDT", "bid": 69912.5, "ask": 69912.6, "mid": 69912.55, "last": 69916.0, "timestamp": 1770404041.467953, "source": "bybit", "volume_24h": 302104.403, "source_ts": 1770404039.692, "event_ts": 1770404041.467954, "receive_time": 1770404041.4679542}
{"type": "quote", "symbol": "BTCUSDT", "bid": 69912.5, "ask": 69912.6, "mid": 69912.55, "last": 69912.6, "timestamp": 1770404041.4679768, "source": "bybit", "volume_24h": 302104.701, "source_ts": 1770404039.792, "event_ts": 1770404041.4679778, "receive_time": 1770404041.467978}
{"type": "quote", "symbol": "ETHUSDT", "bid": 2046.6, "ask": 2046.61, "mid": 2046.605, "last": 2046.6, "timestamp": 1770404041.468644, "source": "bybit", "volume_24h": 4135961.07, "source_ts": 1770404038.101, "event_ts": 1770404041.468653, "receive_time": 1770404041.4686532}
{"type": "quote", "symbol": "ETHUSDT", "bid": 0.0, "ask": 0.0, "mid": 0.0, "last": 0.0, "timestamp": 1770404041.4687104, "source": "bybit", "volume_24h": 0.0, "source_ts": 1770404038.201, "event_ts": 1770404041.4687119, "receive_time": 1770404041.468712}
{"type": "quote", "symbol": "ETHUSDT", "bid": 2046.6, "ask": 2046.61, "mid": 2046.605, "last": 0.0, "timestamp": 1770404041.4687347, "source": "bybit", "volume_24h": 0.0, "source_ts": 1770404038.501, "event_ts": 1770404041.468736, "receive_time": 1770404041.468736}
{"type": "quote", "symbol": "ETHUSDT", "bid": 2046.6, "ask": 2046.61, "mid": 2046.605, "last": 0.0, "timestamp": 1770404041.4687564, "source": "bybit", "volume_24h": 0.0, "source_ts": 1770404038.601, "event_ts": 1770404041.4687579, "receive_time": 1770404041.4687579}
{"type": "quote", "symbol": "ETHUSDT", "bid": 2046.6, "ask": 2046.61, "mid": 2046.605, "last": 0.0, "timestamp": 1770404041.4687772, "source": "bybit", "volume_24h": 0.0, "source_ts": 1770404038.701, "event_ts": 1770404041.4687781, "receive_time": 1770404041.4687781}
{"type": "quote", "symbol": "ETHUSDT", "bid": 0.0, "ask": 0.0, "mid": 0.0, "last": 0.0, "timestamp": 1770404041.468798, "source": "bybit", "volume_24h": 0.0, "source_ts": 1770404038.801, "event_ts": 1770404041.468799, "receive_time": 1770404041.468799}
{"type": "quote", "symbol": "ETHUSDT", "bid": 0.0, "ask": 2046.61, "mid": 2046.61, "last": 2046.61, "timestamp": 1770404041.4688206, "source": "bybit", "volume_24h": 4135961.67, "source_ts": 1770404039.101, "event_ts": 1770404041.468822, "receive_time": 1770404041.468822}
{"type": "quote", "symbol": "ETHUSDT", "bid": 2046.95, "ask": 2046.96, "mid": 2046.955, "last": 2046.93, "timestamp": 1770404041.4688427, "source": "bybit", "volume_24h": 4135966.02, "source_ts": 1770404039.202, "event_ts": 1770404041.4688437, "receive_time": 1770404041.468844}
{"type": "quote", "symbol": "ETHUSDT", "bid": 2047.59, "ask": 2047.6, "mid": 2047.5949999999998, "last": 2047.6, "timestamp": 1770404041.4688642, "source": "bybit", "volume_24h": 4136001.69, "source_ts": 1770404039.301, "event_ts": 1770404041.4688654, "receive_time": 1770404041.4688654}
{"type": "quote", "symbol": "ETHUSDT", "bid": 2047.59, "ask": 2047.6, "mid": 2047.5949999999998, "last": 2047.59, "timestamp": 1770404041.468886, "source": "bybit", "volume_24h": 4136001.74, "source_ts": 1770404039.401, "event_ts": 1770404041.4688873, "receive_time": 1770404041.4688873}
{"type": "quote", "symbol": "ETHUSDT", "bid": 2047.59, "ask": 2047.6, "mid": 2047.5949999999998, "last": 0.0, "timestamp": 1770404041.4689085, "source": "bybit", "volume_24h": 0.0, "source_ts": 1770404039.501, "event_ts": 1770404041.46891, "receive_time": 1770404041.46891}
{"type": "quote", "symbol": "ETHUSDT", "bid": 0.0, "ask": 2047.6, "mid": 0.0, "last": 0.0, "timestamp": 1770404041.4689298, "source": "bybit", "volume_24h": 0.0, "source_ts": 1770404039.601, "event_ts": 1770404041.4689307, "receive_time": 1770404041.468931}
{"type": "quote", "symbol": "ETHUSDT", "bid": 2047.56, "ask": 2047.57, "mid": 2047.565, "last": 2047.57, "timestamp": 1770404041.4689891, "source": "bybit", "volume_24h": 4136002.21, "source_ts": 1770404039.701, "event_ts": 1770404041.4689908, "receive_time": 1770404041.4689908}
{"type": "quote", "symbol": "ETHUSDT", "bid": 2047.56, "ask": 2047.57, "mid": 2047.565, "last": 0.0, "timestamp": 1770404041.4690118, "source": "bybit", "volume_24h": 0.0, "source_ts": 1770404039.802, "event_ts": 1770404041.469013, "receive_time": 1770404041.469013}
{"type": "quote", "symbol": "BTCUSDT", "bid": 0.0, "ask": 69912.6, "mid": 0.0, "last": 0.0, "timestamp": 1770404041.4716887, "source": "bybit", "volume_24h": 302104.706, "source_ts": 1770404039.892, "event_ts": 1770404041.4716918, "receive_time": 1770404041.4716923}
{"type": "quote", "symbol": "ETHUSDT", "bid": 2047.56, "ask": 2047.57, "mid": 2047.565, "last": 2047.56, "timestamp": 1770404041.4717286, "source": "bybit", "volume_24h": 4136002.44, "source_ts": 1770404039.901, "event_ts": 1770404041.4717307, "receive_time": 1770404041.4717307}
{"type": "quote", "symbol": "BTCUSDT", "bid": 69913.4, "ask": 69921.8, "mid": 69917.6, "last": 69921.8, "timestamp": 1770404041.4718292, "source": "bybit", "volume_24h": 302106.848, "source_ts": 1770404039.992, "event_ts": 1770404041.4718306, "receive_time": 1770404041.4718306}
{"type": "quote", "symbol": "ETHUSDT", "bid": 2047.56, "ask": 2047.57, "mid": 2047.565, "last": 0.0, "timestamp": 1770404041.47185, "source": "bybit", "volume_24h": 0.0, "source_ts": 1770404040.001, "event_ts": 1770404041.4718516, "receive_time": 1770404041.4718516}
{"type": "quote", "symbol": "BTCUSDT", "bid": 69921.7, "ask": 69921.8, "mid": 69921.75, "last": 0.0, "timestamp": 1770404041.4719334, "source": "bybit", "volume_24h": 302106.855, "source_ts": 1770404040.092, "event_ts": 1770404041.4719346, "receive_time": 1770404041.4719348}
{"type": "quote", "symbol": "ETHUSDT", "bid": 2047.59, "ask": 2047.6, "mid": 2047.5949999999998, "last": 2047.57, "timestamp": 1770404041.471955, "source": "bybit", "volume_24h": 4136002.46, "source_ts": 1770404040.101, "event_ts": 1770404041.471956, "receive_time": 1770404041.4719563}
{"type": "quote", "symbol": "BTCUSDT", "bid": 69919.3, "ask": 69919.4, "mid": 69919.35, "last": 69920.3, "timestamp": 1770404041.4720376, "source": "bybit", "volume_24h": 302106.919, "source_ts": 1770404040.192, "event_ts": 1770404041.4720387, "receive_time": 1770404041.472039}
{"type": "quote", "symbol": "ETHUSDT", "bid": 2047.33, "ask": 2047.34, "mid": 2047.335, "last": 2047.33, "timestamp": 1770404041.472058, "source": "bybit", "volume_24h": 4136009.87, "source_ts": 1770404040.201, "event_ts": 1770404041.4720595, "receive_time": 1770404041.4720595}
{"type": "quote", "symbol": "BTCUSDT", "bid": 69910.8, "ask": 69910.9, "mid": 69910.85, "last": 69910.8, "timestamp": 1770404041.4721346, "source": "bybit", "volume_24h": 302107.082, "source_ts": 1770404040.292, "event_ts": 1770404041.472136, "receive_time": 1770404041.472136}
{"type": "quote", "symbol": "ETHUSDT", "bid": 2047.33, "ask": 2047.34, "mid": 2047.335, "last": 0.0, "timestamp": 1770404041.472155, "source": "bybit", "volume_24h": 0.0, "source_ts": 1770404040.301, "event_ts": 1770404041.472156, "receive_time": 1770404041.4721565}
{"type": "quote", "symbol": "BTCUSDT", "bid": 69910.8, "ask": 69910.9, "mid": 69910.85, "last": 0.0, "timestamp": 1770404041.4722128, "source": "bybit", "volume_24h": 0.0, "source_ts": 1770404040.392, "event_ts": 1770404041.472214, "receive_time": 1770404041.472214}
{"type": "quote", "symbol": "ETHUSDT", "bid": 2047.33, "ask": 2047.34, "mid": 2047.335, "last": 0.0, "timestamp": 1770404041.4722314, "source": "bybit", "volume_24h": 0.0, "source_ts": 1770404040.401, "event_ts": 1770404041.4722328, "receive_time": 1770404041.4722328}
{"type": "quote", "symbol": "BTCUSDT", "bid": 69902.0, "ask": 69902.1, "mid": 69902.05, "last": 69902.0, "timestamp": 1770404041.472289, "source": "bybit", "volume_24h": 302109.499, "source_ts": 1770404040.492, "event_ts": 1770404041.4722903, "receive_time": 1770404041.4722903}
{"type": "quote", "symbol": "ETHUSDT", "bid": 2047.33, "ask": 2047.34, "mid": 2047.335, "last": 0.0, "timestamp": 1770404041.4723077, "source": "bybit", "volume_24h": 0.0, "source_ts": 1770404040.501, "event_ts": 1770404041.4723089, "receive_time": 1770404041.4723089}
{"type": "quote", "symbol": "BTCUSDT", "bid": 69913.0, "ask": 69913.1, "mid": 69913.05, "last": 69913.0, "timestamp": 1770404041.4723883, "source": "bybit", "volume_24h": 302111.052, "source_ts": 1770404040.592, "event_ts": 1770404041.4723895, "receive_time": 1770404041.4723897}
{"type": "quote", "symbol": "ETHUSDT", "bid": 2047.59, "ask": 2047.6, "mid": 2047.5949999999998, "last": 2047.59, "timestamp": 1770404041.4724095, "source": "bybit", "volume_24h": 4136010.13, "source_ts": 1770404040.601, "event_ts": 1770404041.472411, "receive_time": 1770404041.472411}
{"type": "quote", "symbol": "BTCUSDT", "bid": 69919.9, "ask": 69920.0, "mid": 69919.95, "last": 69911.6, "timestamp": 1770404041.4724886, "source": "bybit", "volume_24h": 302113.073, "source_ts": 1770404040.692, "event_ts": 1770404041.4724898, "receive_time": 1770404041.47249}
{"type": "quote", "symbol": "ETHUSDT", "bid": 2047.59, "ask": 2047.6, "mid": 2047.5949999999998, "last": 0.0, "timestamp": 1770404041.4725087, "source": "bybit", "volume_24h": 0.0, "source_ts": 1770404040.701, "event_ts": 1770404041.4725099, "receive_time": 1770404041.4725099}
{"type": "quote", "symbol": "BTCUSDT", "bid": 69913.5, "ask": 69913.6, "mid": 69913.55, "last": 69914.7, "timestamp": 1770404041.4725862, "source": "bybit", "volume_24h": 302113.087, "source_ts": 1770404040.792, "event_ts": 1770404041.4725876, "receive_time": 1770404041.4725876}
{"type": "quote", "symbol": "ETHUSDT", "bid": 2047.59, "ask": 2047.6, "mid": 2047.5949999999998, "last": 0.0, "timestamp": 1770404041.4726052, "source": "bybit", "volume_24h": 0.0, "source_ts": 1770404040.801, "event_ts": 1770404041.4726062, "receive_time": 1770404041.4726062}
{"type": "quote", "symbol": "BTCUSDT", "bid": 69912.1, "ask": 69912.2, "mid": 69912.15, "last": 69913.5, "timestamp": 1770404041.4726827, "source": "bybit", "volume_24h": 302113.089, "source_ts": 1770404040.892, "event_ts": 1770404041.4726837, "receive_time": 1770404041.4726841}
{"type": "quote", "symbol": "ETHUSDT", "bid": 2047.59, "ask": 0.0, "mid": 0.0, "last": 0.0, "timestamp": 1770404041.4727018, "source": "bybit", "volume_24h": 0.0, "source_ts": 1770404040.901, "event_ts": 1770404041.472703, "receive_time": 1770404041.472703}
{"type": "quote", "symbol": "BTCUSDT", "bid": 0.0, "ask": 69912.2, "mid": 69912.2, "last": 69912.2, "timestamp": 1770404041.4727817, "source": "bybit", "volume_24h": 302113.104, "source_ts": 1770404040.992, "event_ts": 1770404041.4727826, "receive_time": 1770404041.4727826}
{"type": "quote", "symbol": "ETHUSDT", "bid": 2047.46, "ask": 2047.47, "mid": 2047.4650000000001, "last": 2047.47, "timestamp": 1770404041.4728017, "source": "bybit", "volume_24h": 4136011.5, "source_ts": 1770404041.001, "event_ts": 1770404041.4728029, "receive_time": 1770404041.4728029}
{"type": "quote", "symbol": "BTCUSDT", "bid": 69912.1, "ask": 69912.2, "mid": 69912.15, "last": 69912.1, "timestamp": 1770404041.4728813, "source": "bybit", "volume_24h": 302113.154, "source_ts": 1770404041.092, "event_ts": 1770404041.4728825, "receive_time": 1770404041.4728827}
{"type": "quote", "symbol": "ETHUSDT", "bid": 2047.46, "ask": 2047.47, "mid": 2047.4650000000001, "last": 0.0, "timestamp": 1770404041.4731295, "source": "bybit", "volume_24h": 4136011.54, "source_ts": 1770404041.101, "event_ts": 1770404041.473133, "receive_time": 1770404041.4731333}
{"type": "quote", "symbol": "BTCUSDT", "bid": 69912.1, "ask": 69912.2, "mid": 69912.15, "last": 69912.2, "timestamp": 1770404041.4733102, "source": "bybit", "volume_24h": 302113.321, "source_ts": 1770404041.192, "event_ts": 1770404041.4733114, "receive_time": 1770404041.4733114}
{"type": "quote", "symbol": "ETHUSDT", "bid": 2047.46, "ask": 2047.47, "mid": 2047.4650000000001, "last": 0.0, "timestamp": 1770404041.4733381, "source": "bybit", "volume_24h": 4136012.34, "source_ts": 1770404041.201, "event_ts": 1770404041.4733393, "receive_time": 1770404041.4733396}
{"type": "quote", "symbol": "BTCUSDT", "bid": 69912.1, "ask": 69912.2, "mid": 69912.15, "last": 0.0, "timestamp": 1770404041.4733603, "source": "bybit", "volume_24h": 0.0, "source_ts": 1770404041.292, "event_ts": 1770404041.4733617, "receive_time": 1770404041.4733617}
{"type": "quote", "symbol": "ETHUSDT", "bid": 2047.41, "ask": 2047.42, "mid": 2047.415, "last": 2047.42, "timestamp": 1770404041.4734051, "source": "bybit", "volume_24h": 4136012.89, "source_ts": 1770404041.301, "event_ts": 1770404041.4734063, "receive_time": 1770404041.4734066}
{"type": "quote", "symbol": "BTCUSDT", "bid": 69912.1, "ask": 69912.2, "mid": 69912.15, "last": 69912.1, "timestamp": 1770404041.4742484, "source": "bybit", "volume_24h": 302113.829, "source_ts": 1770404041.392, "event_ts": 1770404041.474251, "receive_time": 1770404041.474251}
{"type": "quote", "symbol": "ETHUSDT", "bid": 2047.55, "ask": 2047.56, "mid": 2047.5549999999998, "last": 2047.52, "timestamp": 1770404041.4831026, "source": "bybit", "volume_24h": 4136012.97, "source_ts": 1770404041.401, "event_ts": 1770404041.4831052, "receive_time": 1770404041.4831052}
{"type": "quote", "symbol": "BTCUSDT", "bid": 69913.1, "ask": 69913.2, "mid": 69913.15, "last": 69912.2, "timestamp": 1770404041.5743377, "source": "bybit", "volume_24h": 302113.888, "source_ts": 1770404041.492, "event_ts": 1770404041.5743418, "receive_time": 1770404041.5743423}
{"type": "quote", "symbol": "ETHUSDT", "bid": 2047.55, "ask": 2047.56, "mid": 2047.5549999999998, "last": 0.0, "timestamp": 1770404041.5836732, "source": "bybit", "volume_24h": 0.0, "source_ts": 1770404041.502, "event_ts": 1770404041.5836778, "receive_time": 1770404041.583678}
{"type": "quote", "symbol": "BTCUSDT", "bid": 69913.1, "ask": 0.0, "mid": 69913.1, "last": 69913.1, "timestamp": 1770404041.67414, "source": "bybit", "volume_24h": 302113.89, "source_ts": 1770404041.592, "event_ts": 1770404041.6741445, "receive_time": 1770404041.6741447}
{"type": "quote", "symbol": "ETHUSDT", "bid": 2047.55, "ask": 2047.56, "mid": 2047.5549999999998, "last": 0.0, "timestamp": 1770404041.6840608, "source": "bybit", "volume_24h": 0.0, "source_ts": 1770404041.601, "event_ts": 1770404041.6840641, "receive_time": 1770404041.6840646}
{"type": "quote", "symbol": "BTCUSDT", "bid": 69913.1, "ask": 0.0, "mid": 0.0, "last": 0.0, "timestamp": 1770404041.7743156, "source": "bybit", "volume_24h": 0.0, "source_ts": 1770404041.692, "event_ts": 1770404041.7743204, "receive_time": 1770404041.7743206}
{"type": "quote", "symbol": "ETHUSDT", "bid": 2046.41, "ask": 2046.82, "mid": 2046.615, "last": 2046.43, "timestamp": 1770404041.784522, "source": "bybit", "volume_24h": 4136290.9, "source_ts": 1770404041.701, "event_ts": 1770404041.7845268, "receive_time": 1770404041.784527}
{"type": "quote", "symbol": "BTCUSDT", "bid": 69886.9, "ask": 69887.2, "mid": 69887.04999999999, "last": 69887.1, "timestamp": 1770404041.8746488, "source": "bybit", "volume_24h": 302117.212, "source_ts": 1770404041.792, "event_ts": 1770404041.874651, "receive_time": 1770404041.874651}
{"type": "quote", "symbol": "ETHUSDT", "bid": 2045.8, "ask": 2045.85, "mid": 2045.8249999999998, "last": 2045.84, "timestamp": 1770404041.8832088, "source": "bybit", "volume_24h": 4136336.69, "source_ts": 1770404041.801, "event_ts": 1770404041.8832128, "receive_time": 1770404041.883213}
{"type": "quote", "symbol": "BTCUSDT", "bid": 69880.0, "ask": 69880.1, "mid": 69880.05, "last": 69880.0, "timestamp": 1770404041.974204, "source": "bybit", "volume_24h": 302118.139, "source_ts": 1770404041.892, "event_ts": 1770404041.9742072, "receive_time": 1770404041.9742074}
{"type": "quote", "symbol": "ETHUSDT", "bid": 2045.36, "ask": 2045.37, "mid": 2045.3649999999998, "last": 2045.36, "timestamp": 1770404041.9838014, "source": "bybit", "volume_24h": 4136342.62, "source_ts": 1770404041.901, "event_ts": 1770404041.9838045, "receive_time": 1770404041.9838045}
{"type": "quote", "symbol": "BTCUSDT", "bid": 69880.0, "ask": 69880.1, "mid": 69880.05, "last": 0.0, "timestamp": 1770404042.0740113, "source": "bybit", "volume_24h": 0.0, "source_ts": 1770404041.992, "event_ts": 1770404042.0740135, "receive_time": 1770404042.0740137}
{"type": "quote", "symbol": "ETHUSDT", "bid": 2045.36, "ask": 2045.37, "mid": 2045.3649999999998, "last": 2045.37, "timestamp": 1770404042.0842195, "source": "bybit", "volume_24h": 4136342.67, "source_ts": 1770404042.002, "event_ts": 1770404042.084224, "receive_time": 1770404042.0842242}
{"type": "quote", "symbol": "BTCUSDT", "bid": 69874.9, "ask": 69875.0, "mid": 69874.95, "last": 69875.0, "timestamp": 1770404042.1742084, "source": "bybit", "volume_24h": 302118.155, "source_ts": 1770404042.092, "event_ts": 1770404042.1742108, "receive_time": 1770404042.174211}
{"type": "quote", "symbol": "ETHUSDT", "bid": 2045.25, "ask": 2045.26, "mid": 2045.255, "last": 2045.28, "timestamp": 1770404042.1837604, "source": "bybit", "volume_24h": 4136350.57, "source_ts": 1770404042.101, "event_ts": 1770404042.183765, "receive_time": 1770404042.1837654}
{"type": "quote", "symbol": "BTCUSDT", "bid": 0.0, "ask": 69875.0, "mid": 0.0, "last": 0.0, "timestamp": 1770404042.2750556, "source": "bybit", "volume_24h": 0.0, "source_ts": 1770404042.192, "event_ts": 1770404042.275058, "receive_time": 1770404042.2750583}
{"type": "quote", "symbol": "ETHUSDT", "bid": 2045.25, "ask": 2045.26, "mid": 2045.255, "last": 0.0, "timestamp": 1770404042.2832098, "source": "bybit", "volume_24h": 0.0, "source_ts": 1770404042.201, "event_ts": 1770404042.283214, "receive_time": 1770404042.2832143}
{"type": "quote", "symbol": "BTCUSDT", "bid": 69874.9, "ask": 69875.0, "mid": 69874.95, "last": 0.0, "timestamp": 1770404042.3745093, "source": "bybit", "volume_24h": 0.0, "source_ts": 1770404042.292, "event_ts": 1770404042.3745124, "receive_time": 1770404042.3745127}
{"type": "quote", "symbol": "ETHUSDT", "bid": 2045.34, "ask": 2045.35, "mid": 2045.3449999999998, "last": 2045.32, "timestamp": 1770404042.3835974, "source": "bybit", "volume_24h": 4136351.54, "source_ts": 1770404042.301, "event_ts": 1770404042.3836014, "receive_time": 1770404042.3836014}
{"type": "quote", "symbol": "BTCUSDT", "bid": 69874.9, "ask": 69875.0, "mid": 69874.95, "last": 69874.9, "timestamp": 1770404042.4746356, "source": "bybit", "volume_24h": 302118.205, "source_ts": 1770404042.392, "event_ts": 1770404042.4746382, "receive_time": 1770404042.4746387}
{"type": "quote", "symbol": "ETHUSDT", "bid": 2045.34, "ask": 2045.35, "mid": 2045.3449999999998, "last": 0.0, "timestamp": 1770404042.4833777, "source": "bybit", "volume_24h": 0.0, "source_ts": 1770404042.401, "event_ts": 1770404042.4833806, "receive_time": 1770404042.4833808}
{"type": "quote", "symbol": "BTCUSDT", "bid": 69876.0, "ask": 69876.1, "mid": 69876.05, "last": 69876.1, "timestamp": 1770404042.5741553, "source": "bybit", "volume_24h": 302118.255, "source_ts": 1770404042.492, "event_ts": 1770404042.5741596, "receive_time": 1770404042.5741596}
{"type": "quote", "symbol": "ETHUSDT", "bid": 2045.69, "ask": 2045.75, "mid": 2045.72, "last": 2045.75, "timestamp": 1770404042.5836265, "source": "bybit", "volume_24h": 4136353.28, "source_ts": 1770404042.501, "event_ts": 1770404042.583631, "receive_time": 1770404042.5836313}
{"type": "quote", "symbol": "BTCUSDT", "bid": 69878.6, "ask": 69878.7, "mid": 69878.65, "last": 69878.7, "timestamp": 1770404042.674277, "source": "bybit", "volume_24h": 302118.291, "source_ts": 1770404042.592, "event_ts": 1770404042.67428, "receive_time": 1770404042.6742802}
{"type": "quote", "symbol": "ETHUSDT", "bid": 2045.78, "ask": 2045.79, "mid": 2045.7849999999999, "last": 2045.79, "timestamp": 1770404042.6832736, "source": "bybit", "volume_24h": 4136355.0, "source_ts": 1770404042.601, "event_ts": 1770404042.6832778, "receive_time": 1770404042.683278}
{"type": "quote", "symbol": "BTCUSDT", "bid": 69884.7, "ask": 69884.8, "mid": 69884.75, "last": 69883.9, "timestamp": 1770404042.774118, "source": "bybit", "volume_24h": 302118.304, "source_ts": 1770404042.692, "event_ts": 1770404042.77412, "receive_time": 1770404042.7741203}
{"type": "quote", "symbol": "ETHUSDT", "bid": 2045.96, "ask": 2045.97, "mid": 2045.9650000000001, "last": 2045.96, "timestamp": 1770404042.783492, "source": "bybit", "volume_24h": 4136355.1, "source_ts": 1770404042.701, "event_ts": 1770404042.7834966, "receive_time": 1770404042.7834969}
{"type": "quote", "symbol": "BTCUSDT", "bid": 69884.7, "ask": 69884.8, "mid": 69884.75, "last": 0.0, "timestamp": 1770404042.8744307, "source": "bybit", "volume_24h": 0.0, "source_ts": 1770404042.792, "event_ts": 1770404042.874433, "receive_time": 1770404042.8744333}
{"type": "quote", "symbol": "ETHUSDT", "bid": 2045.96, "ask": 2045.97, "mid": 2045.9650000000001, "last": 0.0, "timestamp": 1770404042.883438, "source": "bybit", "volume_24h": 0.0, "source_ts": 1770404042.801, "event_ts": 1770404042.8834424, "receive_time": 1770404042.8834426}
{"type": "quote", "symbol": "BTCUSDT", "bid": 69881.5, "ask": 69881.6, "mid": 69881.55, "last": 69883.7, "timestamp": 1770404042.9744456, "source": "bybit", "volume_24h": 302118.446, "source_ts": 1770404042.892, "event_ts": 1770404042.97445, "receive_time": 1770404042.9744503}
{"type": "quote", "symbol": "ETHUSDT", "bid": 2045.85, "ask": 2045.86, "mid": 2045.855, "last": 0.0, "timestamp": 1770404042.983246, "source": "bybit", "volume_24h": 4136355.14, "source_ts": 1770404042.901, "event_ts": 1770404042.9832506, "receive_time": 1770404042.9832509}
{"type": "quote", "symbol": "BTCUSDT", "bid": 69880.0, "ask": 69880.1, "mid": 69880.05, "last": 69881.0, "timestamp": 1770404043.074237, "source": "bybit", "volume_24h": 302118.449, "source_ts": 1770404042.992, "event_ts": 1770404043.0742404, "receive_time": 1770404043.0742407}
{"type": "quote", "symbol": "ETHUSDT", "bid": 2045.85, "ask": 2045.86, "mid": 2045.855, "last": 0.0, "timestamp": 1770404043.0834346, "source": "bybit", "volume_24h": 0.0, "source_ts": 1770404043.001, "event_ts": 1770404043.0834398, "receive_time": 1770404043.0834403}
{"type": "quote", "symbol": "BTCUSDT", "bid": 69880.0, "ask": 69880.1, "mid": 69880.05, "last": 69880.1, "timestamp": 1770404043.1740785, "source": "bybit", "volume_24h": 302118.534, "source_ts": 1770404043.092, "event_ts": 1770404043.1740806, "receive_time": 1770404043.1740806}
{"type": "quote", "symbol": "ETHUSDT", "bid": 0.0, "ask": 0.0, "mid": 0.0, "last": 0.0, "timestamp": 1770404043.1833506, "source": "bybit", "volume_24h": 0.0, "source_ts": 1770404043.101, "event_ts": 1770404043.1833553, "receive_time": 1770404043.1833558}
{"type": "quote", "symbol": "BTCUSDT", "bid": 69880.0, "ask": 69880.1, "mid": 69880.05, "last": 69880.0, "timestamp": 1770404043.2743576, "source": "bybit", "volume_24h": 302118.577, "source_ts": 1770404043.192, "event_ts": 1770404043.274362, "receive_time": 1770404043.2743626}
{"type": "quote", "symbol": "ETHUSDT", "bid": 2045.85, "ask": 2045.86, "mid": 2045.855, "last": 0.0, "timestamp": 1770404043.2836015, "source": "bybit", "volume_24h": 0.0, "source_ts": 1770404043.201, "event_ts": 1770404043.2836092, "receive_time": 1770404043.2836094}
{"type": "quote", "symbol": "BTCUSDT", "bid": 69880.0, "ask": 0.0, "mid": 0.0, "last": 0.0, "timestamp": 1770404043.3751729, "source": "bybit", "volume_24h": 0.0, "source_ts": 1770404043.292, "event_ts": 1770404043.3751805, "receive_time": 1770404043.3751807}
{"type": "quote", "symbol": "ETHUSDT", "bid": 2045.85, "ask": 2045.86, "mid": 2045.855, "last": 0.0, "timestamp": 1770404043.3831258, "source": "bybit", "volume_24h": 0.0, "source_ts": 1770404043.301, "event_ts": 1770404043.3831308, "receive_time": 1770404043.3831308}
{"type": "quote", "symbol": "BTCUSDT", "bid": 0.0, "ask": 69880.1, "mid": 69880.1, "last": 69880.1, "timestamp": 1770404043.474203, "source": "bybit", "volume_24h": 302118.605, "source_ts": 1770404043.392, "event_ts": 1770404043.4742086, "receive_time": 1770404043.4742088}
{"type": "quote", "symbol": "ETHUSDT", "bid": 0.0, "ask": 2045.86, "mid": 0.0, "last": 0.0, "timestamp": 1770404043.4831338, "source": "bybit", "volume_24h": 0.0, "source_ts": 1770404043.401, "event_ts": 1770404043.4831388, "receive_time": 1770404043.483139}
{"type": "quote", "symbol": "BTCUSDT", "bid": 0.0, "ask": 0.0, "mid": 0.0, "last": 0.0, "timestamp": 1770404043.5742745, "source": "bybit", "volume_24h": 0.0, "source_ts": 1770404043.492, "event_ts": 1770404043.5742822, "receive_time": 1770404043.5742824}
{"type": "quote", "symbol": "BTCUSDT", "bid": 69880.0, "ask": 0.0, "mid": 0.0, "last": 0.0, "timestamp": 1770404043.6754315, "source": "bybit", "volume_24h": 0.0, "source_ts": 1770404043.592, "event_ts": 1770404043.6754372, "receive_time": 1770404043.6754375}
{"type": "quote", "symbol": "ETHUSDT", "bid": 0.0, "ask": 0.0, "mid": 0.0, "last": 0.0, "timestamp": 1770404043.6833587, "source": "bybit", "volume_24h": 0.0, "source_ts": 1770404043.601, "event_ts": 1770404043.6833663, "receive_time": 1770404043.683367}
{"type": "quote", "symbol": "BTCUSDT", "bid": 69880.0, "ask": 69880.1, "mid": 69880.05, "last": 0.0, "timestamp": 1770404043.7745473, "source": "bybit", "volume_24h": 302118.633, "source_ts": 1770404043.692, "event_ts": 1770404043.774552, "receive_time": 1770404043.7745523}
{"type": "quote", "symbol": "ETHUSDT", "bid": 0.0, "ask": 2045.86, "mid": 0.0, "last": 0.0, "timestamp": 1770404043.783764, "source": "bybit", "volume_24h": 0.0, "source_ts": 1770404043.701, "event_ts": 1770404043.7837684, "receive_time": 1770404043.7837687}
{"type": "quote", "symbol": "BTCUSDT", "bid": 0.0, "ask": 69880.1, "mid": 0.0, "last": 0.0, "timestamp": 1770404043.8741195, "source": "bybit", "volume_24h": 0.0, "source_ts": 1770404043.792, "event_ts": 1770404043.8741255, "receive_time": 1770404043.8741262}
{"type": "quote", "symbol": "ETHUSDT", "bid": 2045.85, "ask": 2045.86, "mid": 2045.855, "last": 0.0, "timestamp": 1770404043.8831704, "source": "bybit", "volume_24h": 0.0, "source_ts": 1770404043.801, "event_ts": 1770404043.883175, "receive_time": 1770404043.8831751}
{"type": "quote", "symbol": "BTCUSDT", "bid": 69880.0, "ask": 69880.1, "mid": 69880.05, "last": 0.0, "timestamp": 1770404043.974826, "source": "bybit", "volume_24h": 302118.845, "source_ts": 1770404043.892, "event_ts": 1770404043.9748309, "receive_time": 1770404043.974831}
{"type": "quote", "symbol": "ETHUSDT", "bid": 2045.85, "ask": 0.0, "mid": 2045.85, "last": 2045.85, "timestamp": 1770404043.9832134, "source": "bybit", "volume_24h": 4136355.19, "source_ts": 1770404043.901, "event_ts": 1770404043.983218, "receive_time": 1770404043.9832182}
{"type": "quote", "symbol": "BTCUSDT", "bid": 69880.0, "ask": 69880.1, "mid": 69880.05, "last": 0.0, "timestamp": 1770404044.0740688, "source": "bybit", "volume_24h": 302118.849, "source_ts": 1770404043.992, "event_ts": 1770404044.0740726, "receive_time": 1770404044.074073}
{"type": "quote", "symbol": "ETHUSDT", "bid": 2045.85, "ask": 2045.86, "mid": 2045.855, "last": 2045.86, "timestamp": 1770404044.083408, "source": "bybit", "volume_24h": 4136355.21, "source_ts": 1770404044.001, "event_ts": 1770404044.0834134, "receive_time": 1770404044.0834136}
{"type": "quote", "symbol": "BTCUSDT", "bid": 69871.3, "ask": 69871.4, "mid": 69871.35, "last": 69872.9, "timestamp": 1770404044.174312, "source": "bybit", "volume_24h": 302118.885, "source_ts": 1770404044.092, "event_ts": 1770404044.174314, "receive_time": 1770404044.174314}
{"type": "quote", "symbol": "ETHUSDT", "bid": 2045.52, "ask": 2045.53, "mid": 2045.525, "last": 2045.53, "timestamp": 1770404044.1834898, "source": "bybit", "volume_24h": 4136355.47, "source_ts": 1770404044.101, "event_ts": 1770404044.1834946, "receive_time": 1770404044.1834948}
{"type": "quote", "symbol": "BTCUSDT", "bid": 69871.3, "ask": 69871.4, "mid": 69871.35, "last": 0.0, "timestamp": 1770404044.2742302, "source": "bybit", "volume_24h": 0.0, "source_ts": 1770404044.192, "event_ts": 1770404044.2742326, "receive_time": 1770404044.2742329}
{"type": "quote", "symbol": "ETHUSDT", "bid": 2045.52, "ask": 2045.53, "mid": 2045.525, "last": 0.0, "timestamp": 1770404044.2835574, "source": "bybit", "volume_24h": 0.0, "source_ts": 1770404044.201, "event_ts": 1770404044.2835634, "receive_time": 1770404044.2835636}
{"type": "quote", "symbol": "BTCUSDT", "bid": 69877.1, "ask": 69877.2, "mid": 69877.15, "last": 69877.2, "timestamp": 1770404044.3744493, "source": "bybit", "volume_24h": 302118.956, "source_ts": 1770404044.292, "event_ts": 1770404044.374452, "receive_time": 1770404044.3744526}
{"type": "quote", "symbol": "ETHUSDT", "bid": 2045.53, "ask": 2045.54, "mid": 2045.5349999999999, "last": 0.0, "timestamp": 1770404044.3833354, "source": "bybit", "volume_24h": 4136432.87, "source_ts": 1770404044.301, "event_ts": 1770404044.38334, "receive_time": 1770404044.3833401}
{"type": "quote", "symbol": "BTCUSDT", "bid": 69883.7, "ask": 69883.8, "mid": 69883.75, "last": 69882.5, "timestamp": 1770404044.474306, "source": "bybit", "volume_24h": 302118.978, "source_ts": 1770404044.392, "event_ts": 1770404044.4743083, "receive_time": 1770404044.4743083}
{"type": "quote", "symbol": "ETHUSDT", "bid": 2045.83, "ask": 2045.84, "mid": 2045.835, "last": 2045.84, "timestamp": 1770404044.4834063, "source": "bybit", "volume_24h": 4136436.1, "source_ts": 1770404044.401, "event_ts": 1770404044.4834116, "receive_time": 1770404044.4834118}
{"type": "quote", "symbol": "BTCUSDT", "bid": 69883.7, "ask": 69883.8, "mid": 69883.75, "last": 0.0, "timestamp": 1770404044.5744793, "source": "bybit", "volume_24h": 0.0, "source_ts": 1770404044.492, "event_ts": 1770404044.5744865, "receive_time": 1770404044.5744867}
{"type": "quote", "symbol": "ETHUSDT", "bid": 2045.83, "ask": 0.0, "mid": 0.0, "last": 0.0, "timestamp": 1770404044.583889, "source": "bybit", "volume_24h": 0.0, "source_ts": 1770404044.501, "event_ts": 1770404044.5838947, "receive_time": 1770404044.5838952}
{"type": "quote", "symbol": "BTCUSDT", "bid": 69880.3, "ask": 69880.4, "mid": 69880.35, "last": 69881.0, "timestamp": 1770404044.6739845, "source": "bybit", "volume_24h": 302118.992, "source_ts": 1770404044.592, "event_ts": 1770404044.6739876, "receive_time": 1770404044.6739879}
{"type": "quote", "symbol": "ETHUSDT", "bid": 2045.83, "ask": 2045.84, "mid": 2045.835, "last": 0.0, "timestamp": 1770404044.683701, "source": "bybit", "volume_24h": 0.0, "source_ts": 1770404044.601, "event_ts": 1770404044.683707, "receive_time": 1770404044.6837072}
{"type": "quote", "symbol": "BTCUSDT", "bid": 69874.0, "ask": 69874.1, "mid": 69874.05, "last": 69874.7, "timestamp": 1770404044.7742026, "source": "bybit", "volume_24h": 302119.001, "source_ts": 1770404044.692, "event_ts": 1770404044.7742069, "receive_time": 1770404044.774207}
{"type": "quote", "symbol": "ETHUSDT", "bid": 2045.64, "ask": 2045.65, "mid": 2045.645, "last": 2045.68, "timestamp": 1770404044.7833877, "source": "bybit", "volume_24h": 4136436.19, "source_ts": 1770404044.701, "event_ts": 1770404044.7833924, "receive_time": 1770404044.7833927}
{"type": "quote", "symbol": "BTCUSDT", "bid": 69874.0, "ask": 0.0, "mid": 0.0, "last": 0.0, "timestamp": 1770404044.87441, "source": "bybit", "volume_24h": 0.0, "source_ts": 1770404044.792, "event_ts": 1770404044.8744118, "receive_time": 1770404044.8744118}
{"type": "quote", "symbol": "ETHUSDT", "bid": 2045.64, "ask": 0.0, "mid": 0.0, "last": 0.0, "timestamp": 1770404044.883307, "source": "bybit", "volume_24h": 0.0, "source_ts": 1770404044.801, "event_ts": 1770404044.8833122, "receive_time": 1770404044.8833125}
{"type": "quote", "symbol": "BTCUSDT", "bid": 0.0, "ask": 0.0, "mid": 0.0, "last": 0.0, "timestamp": 1770404044.9740415, "source": "bybit", "volume_24h": 0.0, "source_ts": 1770404044.892, "event_ts": 1770404044.974046, "receive_time": 1770404044.9740462}
{"type": "quote", "symbol": "ETHUSDT", "bid": 0.0, "ask": 2045.65, "mid": 0.0, "last": 0.0, "timestamp": 1770404044.9838436, "source": "bybit", "volume_24h": 0.0, "source_ts": 1770404044.902, "event_ts": 1770404044.9838483, "receive_time": 1770404044.9838488}
{"type": "quote", "symbol": "BTCUSDT", "bid": 69874.0, "ask": 69874.1, "mid": 69874.05, "last": 69874.1, "timestamp": 1770404045.073938, "source": "bybit", "volume_24h": 302119.009, "source_ts": 1770404044.992, "event_ts": 1770404045.0739398, "receive_time": 1770404045.07394}
{"type": "quote", "symbol": "ETHUSDT", "bid": 2045.64, "ask": 2045.65, "mid": 2045.645, "last": 0.0, "timestamp": 1770404045.0834894, "source": "bybit", "volume_24h": 0.0, "source_ts": 1770404045.001, "event_ts": 1770404045.083494, "receive_time": 1770404045.0834944}
{"type": "quote", "symbol": "BTCUSDT", "bid": 69874.0, "ask": 69874.1, "mid": 69874.05, "last": 0.0, "timestamp": 1770404045.1745512, "source": "bybit", "volume_24h": 0.0, "source_ts": 1770404045.092, "event_ts": 1770404045.1745536, "receive_time": 1770404045.1745539}
{"type": "quote", "symbol": "ETHUSDT", "bid": 2045.64, "ask": 2045.65, "mid": 2045.645, "last": 0.0, "timestamp": 1770404045.1830714, "source": "bybit", "volume_24h": 0.0, "source_ts": 1770404045.101, "event_ts": 1770404045.1830754, "receive_time": 1770404045.1830757}
{"type": "quote", "symbol": "BTCUSDT", "bid": 69869.8, "ask": 69869.9, "mid": 69869.85, "last": 69869.8, "timestamp": 1770404045.2740767, "source": "bybit", "volume_24h": 302119.027, "source_ts": 1770404045.192, "event_ts": 1770404045.2740815, "receive_time": 1770404045.2740817}
{"type": "quote", "symbol": "ETHUSDT", "bid": 2045.64, "ask": 2045.65, "mid": 2045.645, "last": 0.0, "timestamp": 1770404045.2831764, "source": "bybit", "volume_24h": 0.0, "source_ts": 1770404045.201, "event_ts": 1770404045.2831802, "receive_time": 1770404045.2831807}
{"type": "quote", "symbol": "BTCUSDT", "bid": 0.0, "ask": 69869.9, "mid": 0.0, "last": 0.0, "timestamp": 1770404045.37454, "source": "bybit", "volume_24h": 0.0, "source_ts": 1770404045.292, "event_ts": 1770404045.374542, "receive_time": 1770404045.3745422}
{"type": "quote", "symbol": "ETHUSDT", "bid": 2045.64, "ask": 2045.65, "mid": 2045.645, "last": 2045.64, "timestamp": 1770404045.3838944, "source": "bybit", "volume_24h": 4136436.2, "source_ts": 1770404045.302, "event_ts": 1770404045.383899, "receive_time": 1770404045.3838992}
{"type": "quote", "symbol": "BTCUSDT", "bid": 69869.8, "ask": 69869.9, "mid": 69869.85, "last": 0.0, "timestamp": 1770404045.4742577, "source": "bybit", "volume_24h": 302119.028, "source_ts": 1770404045.392, "event_ts": 1770404045.4742615, "receive_time": 1770404045.4742618}
{"type": "quote", "symbol": "ETHUSDT", "bid": 2045.64, "ask": 2045.65, "mid": 2045.645, "last": 0.0, "timestamp": 1770404045.483049, "source": "bybit", "volume_24h": 0.0, "source_ts": 1770404045.401, "event_ts": 1770404045.4830532, "receive_time": 1770404045.4830532}
{"type": "quote", "symbol": "BTCUSDT", "bid": 69869.8, "ask": 0.0, "mid": 0.0, "last": 0.0, "timestamp": 1770404045.574044, "source": "bybit", "volume_24h": 0.0, "source_ts": 1770404045.492, "event_ts": 1770404045.5740488, "receive_time": 1770404045.5740492}
{"type": "quote", "symbol": "ETHUSDT", "bid": 0.0, "ask": 2045.65, "mid": 0.0, "last": 0.0, "timestamp": 1770404045.5840735, "source": "bybit", "volume_24h": 0.0, "source_ts": 1770404045.502, "event_ts": 1770404045.5840776, "receive_time": 1770404045.584078}
{"type": "quote", "symbol": "BTCUSDT", "bid": 0.0, "ask": 69869.9, "mid": 0.0, "last": 0.0, "timestamp": 1770404045.674106, "source": "bybit", "volume_24h": 0.0, "source_ts": 1770404045.592, "event_ts": 1770404045.674111, "receive_time": 1770404045.6741116}
{"type": "quote", "symbol": "ETHUSDT", "bid": 2045.64, "ask": 0.0, "mid": 0.0, "last": 0.0, "timestamp": 1770404045.683708, "source": "bybit", "volume_24h": 4136437.57, "source_ts": 1770404045.602, "event_ts": 1770404045.6837122, "receive_time": 1770404045.6837125}
{"type": "quote", "symbol": "BTCUSDT", "bid": 0.0, "ask": 69869.9, "mid": 0.0, "last": 0.0, "timestamp": 1770404045.773929, "source": "bybit", "volume_24h": 0.0, "source_ts": 1770404045.692, "event_ts": 1770404045.7739334, "receive_time": 1770404045.7739336}
{"type": "quote", "symbol": "ETHUSDT", "bid": 0.0, "ask": 2045.65, "mid": 0.0, "last": 0.0, "timestamp": 1770404045.7834253, "source": "bybit", "volume_24h": 0.0, "source_ts": 1770404045.701, "event_ts": 1770404045.7834291, "receive_time": 1770404045.7834294}
{"type": "quote", "symbol": "BTCUSDT", "bid": 69869.8, "ask": 69869.9, "mid": 69869.85, "last": 0.0, "timestamp": 1770404045.8742664, "source": "bybit", "volume_24h": 0.0, "source_ts": 1770404045.792, "event_ts": 1770404045.8742697, "receive_time": 1770404045.87427}
{"type": "quote", "symbol": "ETHUSDT", "bid": 2045.59, "ask": 2045.6, "mid": 2045.5949999999998, "last": 2045.6, "timestamp": 1770404045.8830998, "source": "bybit", "volume_24h": 4136437.96, "source_ts": 1770404045.801, "event_ts": 1770404045.8831043, "receive_time": 1770404045.8831046}
{"type": "quote", "symbol": "BTCUSDT", "bid": 69869.8, "ask": 69869.9, "mid": 69869.85, "last": 0.0, "timestamp": 1770404045.9741833, "source": "bybit", "volume_24h": 302119.034, "source_ts": 1770404045.892, "event_ts": 1770404045.9741857, "receive_time": 1770404045.974186}
{"type": "quote", "symbol": "ETHUSDT", "bid": 2045.59, "ask": 2045.6, "mid": 2045.5949999999998, "last": 0.0, "timestamp": 1770404045.9831047, "source": "bybit", "volume_24h": 4136438.24, "source_ts": 1770404045.901, "event_ts": 1770404045.9831092, "receive_time": 1770404045.9831092}
{"type": "quote", "symbol": "BTCUSDT", "bid": 69874.0, "ask": 69874.1, "mid": 69874.05, "last": 69874.0, "timestamp": 1770404046.0739565, "source": "bybit", "volume_24h": 302119.07, "source_ts": 1770404045.992, "event_ts": 1770404046.0739613, "receive_time": 1770404046.0739615}
{"type": "quote", "symbol": "ETHUSDT", "bid": 2045.59, "ask": 2045.6, "mid": 2045.5949999999998, "last": 2045.59, "timestamp": 1770404046.0833929, "source": "bybit", "volume_24h": 4136439.24, "source_ts": 1770404046.001, "event_ts": 1770404046.0833974, "receive_time": 1770404046.0833979}
{"type": "quote", "symbol": "BTCUSDT", "bid": 0.0, "ask": 69874.1, "mid": 0.0, "last": 0.0, "timestamp": 1770404046.1738713, "source": "bybit", "volume_24h": 0.0, "source_ts": 1770404046.092, "event_ts": 1770404046.1738756, "receive_time": 1770404046.1738758}
{"type": "quote", "symbol": "ETHUSDT", "bid": 2045.59, "ask": 0.0, "mid": 0.0, "last": 0.0, "timestamp": 1770404046.1833062, "source": "bybit", "volume_24h": 4136439.41, "source_ts": 1770404046.101, "event_ts": 1770404046.1833103, "receive_time": 1770404046.1833105}
{"type": "quote", "symbol": "BTCUSDT", "bid": 69874.0, "ask": 69874.1, "mid": 69874.05, "last": 0.0, "timestamp": 1770404046.2743607, "source": "bybit", "volume_24h": 0.0, "source_ts": 1770404046.192, "event_ts": 1770404046.2743654, "receive_time": 1770404046.2743657}
{"type": "quote", "symbol": "ETHUSDT", "bid": 2045.59, "ask": 2045.6, "mid": 2045.5949999999998, "last": 0.0, "timestamp": 1770404046.2831678, "source": "bybit", "volume_24h": 0.0, "source_ts": 1770404046.201, "event_ts": 1770404046.283172, "receive_time": 1770404046.2831721}
{"type": "quote", "symbol": "BTCUSDT", "bid": 69874.0, "ask": 69874.1, "mid": 69874.05, "last": 0.0, "timestamp": 1770404046.3742876, "source": "bybit", "volume_24h": 0.0, "source_ts": 1770404046.292, "event_ts": 1770404046.3742921, "receive_time": 1770404046.3742924}
{"type": "quote", "symbol": "ETHUSDT", "bid": 2045.59, "ask": 0.0, "mid": 0.0, "last": 0.0, "timestamp": 1770404046.3836389, "source": "bybit", "volume_24h": 4136442.41, "source_ts": 1770404046.302, "event_ts": 1770404046.3836432, "receive_time": 1770404046.3836434}
{"type": "quote", "symbol": "BTCUSDT", "bid": 69874.0, "ask": 69874.1, "mid": 69874.05, "last": 0.0, "timestamp": 1770404046.4743302, "source": "bybit", "volume_24h": 302119.17, "source_ts": 1770404046.392, "event_ts": 1770404046.474334, "receive_time": 1770404046.4743342}
{"type": "quote", "symbol": "ETHUSDT", "bid": 2045.59, "ask": 2045.6, "mid": 2045.5949999999998, "last": 0.0, "timestamp": 1770404046.4830492, "source": "bybit", "volume_24h": 0.0, "source_ts": 1770404046.401, "event_ts": 1770404046.4830537, "receive_time": 1770404046.483054}
{"type": "quote", "symbol": "BTCUSDT", "bid": 69874.0, "ask": 69874.1, "mid": 69874.05, "last": 0.0, "timestamp": 1770404046.5741975, "source": "bybit", "volume_24h": 0.0, "source_ts": 1770404046.492, "event_ts": 1770404046.5742016, "receive_time": 1770404046.5742018}
{"type": "quote", "symbol": "BTCUSDT", "bid": 69874.0, "ask": 69874.1, "mid": 69874.05, "last": 0.0, "timestamp": 1770404046.6740685, "source": "bybit", "volume_24h": 0.0, "source_ts": 1770404046.592, "event_ts": 1770404046.6740735, "receive_time": 1770404046.6740737}
{"type": "quote", "symbol": "ETHUSDT", "bid": 0.0, "ask": 2045.6, "mid": 0.0, "last": 0.0, "timestamp": 1770404046.6832137, "source": "bybit", "volume_24h": 0.0, "source_ts": 1770404046.601, "event_ts": 1770404046.6832185, "receive_time": 1770404046.6832187}
{"type": "quote", "symbol": "BTCUSDT", "bid": 69874.0, "ask": 69874.1, "mid": 69874.05, "last": 0.0, "timestamp": 1770404046.7740304, "source": "bybit", "volume_24h": 0.0, "source_ts": 1770404046.692, "event_ts": 1770404046.7740347, "receive_time": 1770404046.774035}
{"type": "quote", "symbol": "ETHUSDT", "bid": 2045.59, "ask": 2045.6, "mid": 2045.5949999999998, "last": 0.0, "timestamp": 1770404046.78331, "source": "bybit", "volume_24h": 0.0, "source_ts": 1770404046.701, "event_ts": 1770404046.7833145, "receive_time": 1770404046.7833147}
{"type": "quote", "symbol": "BTCUSDT", "bid": 0.0, "ask": 69874.1, "mid": 69874.1, "last": 69874.1, "timestamp": 1770404046.8741145, "source": "bybit", "volume_24h": 302119.172, "source_ts": 1770404046.792, "event_ts": 1770404046.8741198, "receive_time": 1770404046.87412}
{"type": "quote", "symbol": "ETHUSDT", "bid": 2045.59, "ask": 2045.6, "mid": 2045.5949999999998, "last": 2045.6, "timestamp": 1770404046.8834698, "source": "bybit", "volume_24h": 4136444.63, "source_ts": 1770404046.801, "event_ts": 1770404046.8834748, "receive_time": 1770404046.8834753}
{"type": "quote", "symbol": "BTCUSDT", "bid": 0.0, "ask": 0.0, "mid": 0.0, "last": 0.0, "timestamp": 1770404046.9743297, "source": "bybit", "volume_24h": 0.0, "source_ts": 1770404046.892, "event_ts": 1770404046.9743314, "receive_time": 1770404046.9743314}
{"type": "quote", "symbol": "ETHUSDT", "bid": 0.0, "ask": 0.0, "mid": 0.0, "last": 0.0, "timestamp": 1770404046.9830523, "source": "bybit", "volume_24h": 0.0, "source_ts": 1770404046.901, "event_ts": 1770404046.9830563, "receive_time": 1770404046.9830565}
{"type": "quote", "symbol": "ETHUSDT", "bid": 0.0, "ask": 2045.6, "mid": 0.0, "last": 0.0, "timestamp": 1770404047.0835211, "source": "bybit", "volume_24h": 0.0, "source_ts": 1770404047.001, "event_ts": 1770404047.0835254, "receive_time": 1770404047.0835257}
{"type": "quote", "symbol": "BTCUSDT", "bid": 69874.0, "ask": 69874.1, "mid": 69874.05, "last": 0.0, "timestamp": 1770404047.1745875, "source": "bybit", "volume_24h": 0.0, "source_ts": 1770404047.093, "event_ts": 1770404047.1745899, "receive_time": 1770404047.17459}
{"type": "quote", "symbol": "ETHUSDT", "bid": 2045.59, "ask": 2045.6, "mid": 2045.5949999999998, "last": 0.0, "timestamp": 1770404047.1830838, "source": "bybit", "volume_24h": 0.0, "source_ts": 1770404047.101, "event_ts": 1770404047.183088, "receive_time": 1770404047.1830883}
{"type": "quote", "symbol": "BTCUSDT", "bid": 0.0, "ask": 69874.1, "mid": 0.0, "last": 0.0, "timestamp": 1770404047.273769, "source": "bybit", "volume_24h": 0.0, "source_ts": 1770404047.192, "event_ts": 1770404047.2737727, "receive_time": 1770404047.273773}
{"type": "quote", "symbol": "ETHUSDT", "bid": 0.0, "ask": 2045.6, "mid": 0.0, "last": 0.0, "timestamp": 1770404047.282989, "source": "bybit", "volume_24h": 0.0, "source_ts": 1770404047.201, "event_ts": 1770404047.2829933, "receive_time": 1770404047.2829933}
{"type": "quote", "symbol": "BTCUSDT", "bid": 69874.0, "ask": 0.0, "mid": 0.0, "last": 0.0, "timestamp": 1770404047.3741453, "source": "bybit", "volume_24h": 0.0, "source_ts": 1770404047.292, "event_ts": 1770404047.3741467, "receive_time": 1770404047.3741472}
{"type": "quote", "symbol": "ETHUSDT", "bid": 2045.59, "ask": 0.0, "mid": 0.0, "last": 0.0, "timestamp": 1770404047.383584, "source": "bybit", "volume_24h": 0.0, "source_ts": 1770404047.301, "event_ts": 1770404047.3835883, "receive_time": 1770404047.3835886}
{"type": "quote", "symbol": "BTCUSDT", "bid": 69874.0, "ask": 0.0, "mid": 0.0, "last": 0.0, "timestamp": 1770404047.4748135, "source": "bybit", "volume_24h": 0.0, "source_ts": 1770404047.393, "event_ts": 1770404047.474818, "receive_time": 1770404047.4748182}
{"type": "quote", "symbol": "ETHUSDT", "bid": 2045.59, "ask": 0.0, "mid": 0.0, "last": 0.0, "timestamp": 1770404047.483198, "source": "bybit", "volume_24h": 0.0, "source_ts": 1770404047.401, "event_ts": 1770404047.483202, "receive_time": 1770404047.4832022}
{"type": "quote", "symbol": "ETHUSDT", "bid": 0.0, "ask": 0.0, "mid": 0.0, "last": 0.0, "timestamp": 1770404047.583187, "source": "bybit", "volume_24h": 0.0, "source_ts": 1770404047.501, "event_ts": 1770404047.5831916, "receive_time": 1770404047.5831919}
{"type": "quote", "symbol": "BTCUSDT", "bid": 69874.0, "ask": 0.0, "mid": 0.0, "last": 0.0, "timestamp": 1770404047.67431, "source": "bybit", "volume_24h": 0.0, "source_ts": 1770404047.592, "event_ts": 1770404047.6743147, "receive_time": 1770404047.6743152}
{"type": "quote", "symbol": "ETHUSDT", "bid": 2045.59, "ask": 2045.6, "mid": 2045.5949999999998, "last": 0.0, "timestamp": 1770404047.7831237, "source": "bybit", "volume_24h": 0.0, "source_ts": 1770404047.701, "event_ts": 1770404047.7831283, "receive_time": 1770404047.7831285}
{"type": "quote", "symbol": "BTCUSDT", "bid": 69869.9, "ask": 69870.0, "mid": 69869.95, "last": 69869.9, "timestamp": 1770404047.874138, "source": "bybit", "volume_24h": 302119.186, "source_ts": 1770404047.792, "event_ts": 1770404047.874144, "receive_time": 1770404047.8741443}
{"type": "quote", "symbol": "ETHUSDT", "bid": 2045.59, "ask": 2045.6, "mid": 2045.5949999999998, "last": 2045.59, "timestamp": 1770404047.883081, "source": "bybit", "volume_24h": 4136444.64, "source_ts": 1770404047.801, "event_ts": 1770404047.8830864, "receive_time": 1770404047.8830867}
{"type": "quote", "symbol": "BTCUSDT", "bid": 69869.9, "ask": 69870.0, "mid": 69869.95, "last": 0.0, "timestamp": 1770404047.9745598, "source": "bybit", "volume_24h": 0.0, "source_ts": 1770404047.892, "event_ts": 1770404047.9745643, "receive_time": 1770404047.9745648}
{"type": "quote", "symbol": "ETHUSDT", "bid": 2045.59, "ask": 2045.6, "mid": 2045.5949999999998, "last": 0.0, "timestamp": 1770404047.986148, "source": "bybit", "volume_24h": 0.0, "source_ts": 1770404047.901, "event_ts": 1770404047.9861526, "receive_time": 1770404047.986153}
{"type": "quote", "symbol": "BTCUSDT", "bid": 69869.9, "ask": 69870.0, "mid": 69869.95, "last": 0.0, "timestamp": 1770404048.0744748, "source": "bybit", "volume_24h": 302119.191, "source_ts": 1770404047.992, "event_ts": 1770404048.074479, "receive_time": 1770404048.0744796}
{"type": "quote", "symbol": "BTCUSDT", "bid": 69869.9, "ask": 69870.0, "mid": 69869.95, "last": 0.0, "timestamp": 1770404048.1740139, "source": "bybit", "volume_24h": 302119.198, "source_ts": 1770404048.092, "event_ts": 1770404048.1740186, "receive_time": 1770404048.1740189}
{"type": "quote", "symbol": "ETHUSDT", "bid": 2045.59, "ask": 2045.6, "mid": 2045.5949999999998, "last": 0.0, "timestamp": 1770404048.18348, "source": "bybit", "volume_24h": 0.0, "source_ts": 1770404048.101, "event_ts": 1770404048.1834853, "receive_time": 1770404048.1834855}
{"type": "quote", "symbol": "BTCUSDT", "bid": 69869.9, "ask": 69870.0, "mid": 69869.95, "last": 69870.0, "timestamp": 1770404048.274315, "source": "bybit", "volume_24h": 302119.201, "source_ts": 1770404048.192, "event_ts": 1770404048.2743196, "receive_time": 1770404048.2743196}
{"type": "quote", "symbol": "ETHUSDT", "bid": 2045.77, "ask": 2045.78, "mid": 2045.775, "last": 2045.69, "timestamp": 1770404048.2831748, "source": "bybit", "volume_24h": 4136463.03, "source_ts": 1770404048.201, "event_ts": 1770404048.283179, "receive_time": 1770404048.2831793}
{"type": "quote", "symbol": "BTCUSDT", "bid": 0.0, "ask": 69870.0, "mid": 0.0, "last": 0.0, "timestamp": 1770404048.37411, "source": "bybit", "volume_24h": 302119.205, "source_ts": 1770404048.292, "event_ts": 1770404048.3741143, "receive_time": 1770404048.3741145}
{"type": "quote", "symbol": "ETHUSDT", "bid": 2045.77, "ask": 2045.78, "mid": 2045.775, "last": 2045.77, "timestamp": 1770404048.3839633, "source": "bybit", "volume_24h": 4136463.04, "source_ts": 1770404048.301, "event_ts": 1770404048.383968, "receive_time": 1770404048.383968}
{"type": "quote", "symbol": "BTCUSDT", "bid": 69874.0, "ask": 69874.1, "mid": 69874.05, "last": 69874.1, "timestamp": 1770404048.474798, "source": "bybit", "volume_24h": 302119.235, "source_ts": 1770404048.392, "event_ts": 1770404048.4748027, "receive_time": 1770404048.474803}
{"type": "quote", "symbol": "ETHUSDT", "bid": 2045.85, "ask": 2045.86, "mid": 2045.855, "last": 2045.8, "timestamp": 1770404048.4832225, "source": "bybit", "volume_24h": 4136463.43, "source_ts": 1770404048.401, "event_ts": 1770404048.4832256, "receive_time": 1770404048.4832258}
{"type": "quote", "symbol": "BTCUSDT", "bid": 0.0, "ask": 69874.1, "mid": 0.0, "last": 0.0, "timestamp": 1770404048.5742722, "source": "bybit", "volume_24h": 302119.236, "source_ts": 1770404048.492, "event_ts": 1770404048.5742767, "receive_time": 1770404048.5742772}
{"type": "quote", "symbol": "ETHUSDT", "bid": 2045.96, "ask": 2045.97, "mid": 2045.9650000000001, "last": 2045.91, "timestamp": 1770404048.5833578, "source": "bybit", "volume_24h": 4136463.7, "source_ts": 1770404048.501, "event_ts": 1770404048.5833619, "receive_time": 1770404048.583362}
{"type": "quote", "symbol": "BTCUSDT", "bid": 0.0, "ask": 69874.1, "mid": 0.0, "last": 0.0, "timestamp": 1770404048.6744785, "source": "bybit", "volume_24h": 0.0, "source_ts": 1770404048.592, "event_ts": 1770404048.6744823, "receive_time": 1770404048.6744826}
{"type": "quote", "symbol": "ETHUSDT", "bid": 2045.96, "ask": 2045.97, "mid": 2045.9650000000001, "last": 0.0, "timestamp": 1770404048.6832564, "source": "bybit", "volume_24h": 0.0, "source_ts": 1770404048.601, "event_ts": 1770404048.6832604, "receive_time": 1770404048.6832607}
{"type": "quote", "symbol": "BTCUSDT", "bid": 0.0, "ask": 69874.1, "mid": 0.0, "last": 0.0, "timestamp": 1770404048.77467, "source": "bybit", "volume_24h": 0.0, "source_ts": 1770404048.692, "event_ts": 1770404048.7746747, "receive_time": 1770404048.774675}
{"type": "quote", "symbol": "ETHUSDT", "bid": 2045.96, "ask": 2045.97, "mid": 2045.9650000000001, "last": 0.0, "timestamp": 1770404048.7832053, "source": "bybit", "volume_24h": 0.0, "source_ts": 1770404048.701, "event_ts": 1770404048.7832103, "receive_time": 1770404048.7832105}
{"type": "quote", "symbol": "BTCUSDT", "bid": 69876.0, "ask": 69876.1, "mid": 69876.05, "last": 69876.0, "timestamp": 1770404048.8741004, "source": "bybit", "volume_24h": 302119.326, "source_ts": 1770404048.792, "event_ts": 1770404048.8741043, "receive_time": 1770404048.8741045}
{"type": "quote", "symbol": "ETHUSDT", "bid": 2045.96, "ask": 2045.97, "mid": 2045.9650000000001, "last": 0.0, "timestamp": 1770404048.8834796, "source": "bybit", "volume_24h": 0.0, "source_ts": 1770404048.801, "event_ts": 1770404048.8834844, "receive_time": 1770404048.8834846}
{"type": "quote", "symbol": "BTCUSDT", "bid": 0.0, "ask": 69876.1, "mid": 0.0, "last": 0.0, "timestamp": 1770404048.9746351, "source": "bybit", "volume_24h": 0.0, "source_ts": 1770404048.892, "event_ts": 1770404048.97464, "receive_time": 1770404048.9746401}
{"type": "quote", "symbol": "ETHUSDT", "bid": 2045.96, "ask": 2045.97, "mid": 2045.9650000000001, "last": 0.0, "timestamp": 1770404048.9833164, "source": "bybit", "volume_24h": 0.0, "source_ts": 1770404048.901, "event_ts": 1770404048.9833207, "receive_time": 1770404048.9833212}
{"type": "quote", "symbol": "BTCUSDT", "bid": 69876.0, "ask": 69876.1, "mid": 69876.05, "last": 0.0, "timestamp": 1770404049.0743525, "source": "bybit", "volume_24h": 302119.339, "source_ts": 1770404048.992, "event_ts": 1770404049.074357, "receive_time": 1770404049.0743573}
{"type": "quote", "symbol": "ETHUSDT", "bid": 2045.96, "ask": 2045.97, "mid": 2045.9650000000001, "last": 0.0, "timestamp": 1770404049.0834112, "source": "bybit", "volume_24h": 0.0, "source_ts": 1770404049.001, "event_ts": 1770404049.0834157, "receive_time": 1770404049.0834162}
{"type": "quote", "symbol": "BTCUSDT", "bid": 69876.0, "ask": 69876.1, "mid": 69876.05, "last": 0.0, "timestamp": 1770404049.1753888, "source": "bybit", "volume_24h": 0.0, "source_ts": 1770404049.093, "event_ts": 1770404049.1753933, "receive_time": 1770404049.1753938}
{"type": "quote", "symbol": "ETHUSDT", "bid": 2045.96, "ask": 2045.97, "mid": 2045.9650000000001, "last": 0.0, "timestamp": 1770404049.182938, "source": "bybit", "volume_24h": 0.0, "source_ts": 1770404049.101, "event_ts": 1770404049.1829422, "receive_time": 1770404049.1829426}
{"type": "quote", "symbol": "BTCUSDT", "bid": 0.0, "ask": 69876.1, "mid": 69876.1, "last": 69876.1, "timestamp": 1770404049.273885, "source": "bybit", "volume_24h": 302119.341, "source_ts": 1770404049.192, "event_ts": 1770404049.2738895, "receive_time": 1770404049.2738898}
{"type": "quote", "symbol": "ETHUSDT", "bid": 2045.96, "ask": 2045.97, "mid": 2045.9650000000001, "last": 0.0, "timestamp": 1770404049.2831588, "source": "bybit", "volume_24h": 0.0, "source_ts": 1770404049.201, "event_ts": 1770404049.2831628, "receive_time": 1770404049.283163}
{"type": "quote", "symbol": "BTCUSDT", "bid": 0.0, "ask": 69876.1, "mid": 0.0, "last": 0.0, "timestamp": 1770404049.373983, "source": "bybit", "volume_24h": 0.0, "source_ts": 1770404049.292, "event_ts": 1770404049.373987, "receive_time": 1770404049.3739874}
{"type": "quote", "symbol": "ETHUSDT", "bid": 2045.96, "ask": 2045.97, "mid": 2045.9650000000001, "last": 0.0, "timestamp": 1770404049.383007, "source": "bybit", "volume_24h": 0.0, "source_ts": 1770404049.301, "event_ts": 1770404049.3830109, "receive_time": 1770404049.383011}
{"type": "quote", "symbol": "BTCUSDT", "bid": 0.0, "ask": 0.0, "mid": 0.0, "last": 0.0, "timestamp": 1770404049.473867, "source": "bybit", "volume_24h": 0.0, "source_ts": 1770404049.392, "event_ts": 1770404049.473871, "receive_time": 1770404049.473871}
{"type": "quote", "symbol": "BTCUSDT", "bid": 69878.0, "ask": 69878.1, "mid": 69878.05, "last": 69878.1, "timestamp": 1770404049.574067, "source": "bybit", "volume_24h": 302119.87, "source_ts": 1770404049.492, "event_ts": 1770404049.5740716, "receive_time": 1770404049.574072}
{"type": "quote", "symbol": "ETHUSDT", "bid": 0.0, "ask": 2045.97, "mid": 0.0, "last": 0.0, "timestamp": 1770404049.583454, "source": "bybit", "volume_24h": 0.0, "source_ts": 1770404049.501, "event_ts": 1770404049.5834582, "receive_time": 1770404049.5834587}
{"type": "quote", "symbol": "BTCUSDT", "bid": 69878.0, "ask": 0.0, "mid": 0.0, "last": 0.0, "timestamp": 1770404049.6741056, "source": "bybit", "volume_24h": 0.0, "source_ts": 1770404049.592, "event_ts": 1770404049.6741097, "receive_time": 1770404049.67411}
{"type": "quote", "symbol": "ETHUSDT", "bid": 0.0, "ask": 2045.97, "mid": 0.0, "last": 0.0, "timestamp": 1770404049.6829653, "source": "bybit", "volume_24h": 0.0, "source_ts": 1770404049.601, "event_ts": 1770404049.6829698, "receive_time": 1770404049.68297}
{"type": "quote", "symbol": "BTCUSDT", "bid": 69878.0, "ask": 69878.1, "mid": 69878.05, "last": 69878.0, "timestamp": 1770404049.7740877, "source": "bybit", "volume_24h": 302120.37, "source_ts": 1770404049.692, "event_ts": 1770404049.7740924, "receive_time": 1770404049.774093}
{"type": "quote", "symbol": "ETHUSDT", "bid": 2045.96, "ask": 2045.97, "mid": 2045.9650000000001, "last": 0.0, "timestamp": 1770404049.7829213, "source": "bybit", "volume_24h": 0.0, "source_ts": 1770404049.701, "event_ts": 1770404049.7829247, "receive_time": 1770404049.782925}
{"type": "quote", "symbol": "BTCUSDT", "bid": 69878.0, "ask": 69878.1, "mid": 69878.05, "last": 0.0, "timestamp": 1770404049.8738513, "source": "bybit", "volume_24h": 0.0, "source_ts": 1770404049.792, "event_ts": 1770404049.873854, "receive_time": 1770404049.8738542}
{"type": "quote", "symbol": "ETHUSDT", "bid": 2045.85, "ask": 2045.86, "mid": 2045.855, "last": 2045.89, "timestamp": 1770404049.8833096, "source": "bybit", "volume_24h": 4136464.24, "source_ts": 1770404049.801, "event_ts": 1770404049.8833141, "receive_time": 1770404049.8833144}
{"type": "quote", "symbol": "BTCUSDT", "bid": 69878.0, "ask": 69878.1, "mid": 69878.05, "last": 0.0, "timestamp": 1770404049.9751246, "source": "bybit", "volume_24h": 0.0, "source_ts": 1770404049.893, "event_ts": 1770404049.975129, "receive_time": 1770404049.9751291}
{"type": "quote", "symbol": "ETHUSDT", "bid": 2045.85, "ask": 2045.86, "mid": 2045.855, "last": 0.0, "timestamp": 1770404049.983915, "source": "bybit", "volume_24h": 0.0, "source_ts": 1770404049.901, "event_ts": 1770404049.9839187, "receive_time": 1770404049.9839191}
{"type": "quote", "symbol": "BTCUSDT", "bid": 69878.0, "ask": 0.0, "mid": 0.0, "last": 0.0, "timestamp": 1770404050.0747628, "source": "bybit", "volume_24h": 302120.405, "source_ts": 1770404049.993, "event_ts": 1770404050.0747678, "receive_time": 1770404050.074768}
{"type": "quote", "symbol": "ETHUSDT", "bid": 2045.85, "ask": 2045.86, "mid": 2045.855, "last": 0.0, "timestamp": 1770404050.0831294, "source": "bybit", "volume_24h": 0.0, "source_ts": 1770404050.001, "event_ts": 1770404050.0831335, "receive_time": 1770404050.0831337}
{"type": "quote", "symbol": "BTCUSDT", "bid": 69878.0, "ask": 69878.1, "mid": 69878.05, "last": 69878.1, "timestamp": 1770404050.1743443, "source": "bybit", "volume_24h": 302120.469, "source_ts": 1770404050.092, "event_ts": 1770404050.1743486, "receive_time": 1770404050.1743488}
{"type": "quote", "symbol": "ETHUSDT", "bid": 2045.85, "ask": 0.0, "mid": 0.0, "last": 0.0, "timestamp": 1770404050.1834867, "source": "bybit", "volume_24h": 0.0, "source_ts": 1770404050.101, "event_ts": 1770404050.1834912, "receive_time": 1770404050.1834915}
{"type": "quote", "symbol": "BTCUSDT", "bid": 0.0, "ask": 0.0, "mid": 0.0, "last": 0.0, "timestamp": 1770404050.274068, "source": "bybit", "volume_24h": 0.0, "source_ts": 1770404050.192, "event_ts": 1770404050.2740726, "receive_time": 1770404050.274073}
{"type": "quote", "symbol": "ETHUSDT", "bid": 0.0, "ask": 2045.86, "mid": 0.0, "last": 0.0, "timestamp": 1770404050.283764, "source": "bybit", "volume_24h": 0.0, "source_ts": 1770404050.201, "event_ts": 1770404050.2837687, "receive_time": 1770404050.283769}
{"type": "quote", "symbol": "BTCUSDT", "bid": 0.0, "ask": 69878.1, "mid": 0.0, "last": 0.0, "timestamp": 1770404050.3744018, "source": "bybit", "volume_24h": 0.0, "source_ts": 1770404050.292, "event_ts": 1770404050.3744068, "receive_time": 1770404050.3744075}
{"type": "quote", "symbol": "ETHUSDT", "bid": 2045.85, "ask": 2045.86, "mid": 2045.855, "last": 0.0, "timestamp": 1770404050.3829517, "source": "bybit", "volume_24h": 0.0, "source_ts": 1770404050.301, "event_ts": 1770404050.3829553, "receive_time": 1770404050.3829556}
{"type": "quote", "symbol": "ETHUSDT", "bid": 0.0, "ask": 0.0, "mid": 0.0, "last": 0.0, "timestamp": 1770404050.5829453, "source": "bybit", "volume_24h": 0.0, "source_ts": 1770404050.501, "event_ts": 1770404050.5829499, "receive_time": 1770404050.5829499}
{"type": "quote", "symbol": "BTCUSDT", "bid": 0.0, "ask": 69878.1, "mid": 0.0, "last": 0.0, "timestamp": 1770404050.6745508, "source": "bybit", "volume_24h": 0.0, "source_ts": 1770404050.592, "event_ts": 1770404050.6745555, "receive_time": 1770404050.674556}
{"type": "quote", "symbol": "ETHUSDT", "bid": 0.0, "ask": 2045.86, "mid": 0.0, "last": 0.0, "timestamp": 1770404050.6832, "source": "bybit", "volume_24h": 0.0, "source_ts": 1770404050.601, "event_ts": 1770404050.6832042, "receive_time": 1770404050.6832044}
{"type": "quote", "symbol": "BTCUSDT", "bid": 69878.0, "ask": 0.0, "mid": 0.0, "last": 0.0, "timestamp": 1770404050.774463, "source": "bybit", "volume_24h": 0.0, "source_ts": 1770404050.692, "event_ts": 1770404050.774466, "receive_time": 1770404050.7744663}
{"type": "quote", "symbol": "BTCUSDT", "bid": 0.0, "ask": 69878.1, "mid": 0.0, "last": 0.0, "timestamp": 1770404050.8744953, "source": "bybit", "volume_24h": 0.0, "source_ts": 1770404050.792, "event_ts": 1770404050.8744972, "receive_time": 1770404050.8744977}
{"type": "quote", "symbol": "ETHUSDT", "bid": 0.0, "ask": 2045.86, "mid": 0.0, "last": 0.0, "timestamp": 1770404050.8829205, "source": "bybit", "volume_24h": 0.0, "source_ts": 1770404050.801, "event_ts": 1770404050.8829243, "receive_time": 1770404050.8829243}
{"type": "quote", "symbol": "BTCUSDT", "bid": 0.0, "ask": 69878.1, "mid": 0.0, "last": 0.0, "timestamp": 1770404050.9739866, "source": "bybit", "volume_24h": 0.0, "source_ts": 1770404050.892, "event_ts": 1770404050.9739912, "receive_time": 1770404050.9739914}
{"type": "quote", "symbol": "ETHUSDT", "bid": 2045.85, "ask": 2045.86, "mid": 2045.855, "last": 0.0, "timestamp": 1770404050.9828901, "source": "bybit", "volume_24h": 0.0, "source_ts": 1770404050.901, "event_ts": 1770404050.9828942, "receive_time": 1770404050.9828944}
{"type": "quote", "symbol": "BTCUSDT", "bid": 69878.0, "ask": 69878.1, "mid": 69878.05, "last": 0.0, "timestamp": 1770404051.0739784, "source": "bybit", "volume_24h": 302120.487, "source_ts": 1770404050.992, "event_ts": 1770404051.0739818, "receive_time": 1770404051.0739818}
{"type": "quote", "symbol": "ETHUSDT", "bid": 2045.96, "ask": 2045.97, "mid": 2045.9650000000001, "last": 2045.88, "timestamp": 1770404051.0830355, "source": "bybit", "volume_24h": 4136464.5, "source_ts": 1770404051.001, "event_ts": 1770404051.0830388, "receive_time": 1770404051.083039}
{"type": "quote", "symbol": "BTCUSDT", "bid": 69882.8, "ask": 69882.9, "mid": 69882.85, "last": 69882.9, "timestamp": 1770404051.1738226, "source": "bybit", "volume_24h": 302120.891, "source_ts": 1770404051.092, "event_ts": 1770404051.173825, "receive_time": 1770404051.1738253}
{"type": "quote", "symbol": "ETHUSDT", "bid": 2046.08, "ask": 2046.09, "mid": 2046.085, "last": 2046.05, "timestamp": 1770404051.1846607, "source": "bybit", "volume_24h": 4136465.53, "source_ts": 1770404051.101, "event_ts": 1770404051.1846657, "receive_time": 1770404051.184666}
{"type": "quote", "symbol": "BTCUSDT", "bid": 69883.7, "ask": 69883.8, "mid": 69883.75, "last": 69883.0, "timestamp": 1770404051.2740393, "source": "bybit", "volume_24h": 302120.893, "source_ts": 1770404051.192, "event_ts": 1770404051.2740428, "receive_time": 1770404051.274043}
{"type": "quote", "symbol": "ETHUSDT", "bid": 2046.08, "ask": 2046.09, "mid": 2046.085, "last": 0.0, "timestamp": 1770404051.283064, "source": "bybit", "volume_24h": 0.0, "source_ts": 1770404051.201, "event_ts": 1770404051.2830677, "receive_time": 1770404051.283068}
{"type": "quote", "symbol": "BTCUSDT", "bid": 69883.7, "ask": 0.0, "mid": 0.0, "last": 0.0, "timestamp": 1770404051.374024, "source": "bybit", "volume_24h": 0.0, "source_ts": 1770404051.292, "event_ts": 1770404051.3740284, "receive_time": 1770404051.3740287}
{"type": "quote", "symbol": "ETHUSDT", "bid": 0.0, "ask": 2046.09, "mid": 0.0, "last": 0.0, "timestamp": 1770404051.3829687, "source": "bybit", "volume_24h": 0.0, "source_ts": 1770404051.301, "event_ts": 1770404051.382973, "receive_time": 1770404051.3829732}
{"type": "quote", "symbol": "BTCUSDT", "bid": 69883.7, "ask": 0.0, "mid": 0.0, "last": 0.0, "timestamp": 1770404051.4736927, "source": "bybit", "volume_24h": 0.0, "source_ts": 1770404051.392, "event_ts": 1770404051.473696, "receive_time": 1770404051.4736962}
{"type": "quote", "symbol": "ETHUSDT", "bid": 0.0, "ask": 0.0, "mid": 0.0, "last": 0.0, "timestamp": 1770404051.4830904, "source": "bybit", "volume_24h": 0.0, "source_ts": 1770404051.401, "event_ts": 1770404051.4830942, "receive_time": 1770404051.4830945}
{"type": "quote", "symbol": "BTCUSDT", "bid": 69884.5, "ask": 69884.6, "mid": 69884.55, "last": 69883.8, "timestamp": 1770404051.5739865, "source": "bybit", "volume_24h": 302120.895, "source_ts": 1770404051.492, "event_ts": 1770404051.5739908, "receive_time": 1770404051.5739915}
{"type": "quote", "symbol": "ETHUSDT", "bid": 2046.4, "ask": 2046.41, "mid": 2046.4050000000002, "last": 2046.41, "timestamp": 1770404051.5832412, "source": "bybit", "volume_24h": 4136466.44, "source_ts": 1770404051.501, "event_ts": 1770404051.5832458, "receive_time": 1770404051.583246}
{"type": "quote", "symbol": "BTCUSDT", "bid": 69892.1, "ask": 69892.2, "mid": 69892.15, "last": 69892.2, "timestamp": 1770404051.6741164, "source": "bybit", "volume_24h": 302121.915, "source_ts": 1770404051.592, "event_ts": 1770404051.6741204, "receive_time": 1770404051.6741207}
{"type": "quote", "symbol": "ETHUSDT", "bid": 2046.4, "ask": 2046.41, "mid": 2046.4050000000002, "last": 0.0, "timestamp": 1770404051.6830807, "source": "bybit", "volume_24h": 0.0, "source_ts": 1770404051.601, "event_ts": 1770404051.6830845, "receive_time": 1770404051.6830847}
{"type": "quote", "symbol": "BTCUSDT", "bid": 69889.3, "ask": 69889.4, "mid": 69889.35, "last": 69889.3, "timestamp": 1770404051.773969, "source": "bybit", "volume_24h": 302122.137, "source_ts": 1770404051.692, "event_ts": 1770404051.7739751, "receive_time": 1770404051.7739754}
{"type": "quote", "symbol": "ETHUSDT", "bid": 2046.27, "ask": 2046.28, "mid": 2046.275, "last": 2046.29, "timestamp": 1770404051.7831254, "source": "bybit", "volume_24h": 4136468.14, "source_ts": 1770404051.701, "event_ts": 1770404051.7831306, "receive_time": 1770404051.783131}
{"type": "quote", "symbol": "BTCUSDT", "bid": 69889.3, "ask": 69889.4, "mid": 69889.35, "last": 0.0, "timestamp": 1770404051.8738947, "source": "bybit", "volume_24h": 0.0, "source_ts": 1770404051.792, "event_ts": 1770404051.8738985, "receive_time": 1770404051.8738987}
{"type": "quote", "symbol": "ETHUSDT", "bid": 2046.1, "ask": 2046.11, "mid": 2046.105, "last": 2046.11, "timestamp": 1770404051.882968, "source": "bybit", "volume_24h": 4136468.23, "source_ts": 1770404051.801, "event_ts": 1770404051.8829725, "receive_time": 1770404051.8829727}
{"type": "quote", "symbol": "BTCUSDT", "bid": 69881.8, "ask": 69881.9, "mid": 69881.85, "last": 69882.8, "timestamp": 1770404051.974248, "source": "bybit", "volume_24h": 302122.154, "source_ts": 1770404051.892, "event_ts": 1770404051.9742527, "receive_time": 1770404051.9742527}
{"type": "quote", "symbol": "ETHUSDT", "bid": 2046.0, "ask": 2046.01, "mid": 2046.005, "last": 2046.01, "timestamp": 1770404051.9835339, "source": "bybit", "volume_24h": 4136468.3, "source_ts": 1770404051.901, "event_ts": 1770404051.983538, "receive_time": 1770404051.9835382}
{"type": "quote", "symbol": "BTCUSDT", "bid": 69881.8, "ask": 69881.9, "mid": 69881.85, "last": 0.0, "timestamp": 1770404052.0738113, "source": "bybit", "volume_24h": 0.0, "source_ts": 1770404051.992, "event_ts": 1770404052.073814, "receive_time": 1770404052.0738142}
{"type": "quote", "symbol": "ETHUSDT", "bid": 0.0, "ask": 2046.01, "mid": 0.0, "last": 0.0, "timestamp": 1770404052.0835288, "source": "bybit", "volume_24h": 0.0, "source_ts": 1770404052.001, "event_ts": 1770404052.0835335, "receive_time": 1770404052.0835338}
{"type": "quote", "symbol": "BTCUSDT", "bid": 69881.8, "ask": 0.0, "mid": 0.0, "last": 0.0, "timestamp": 1770404052.1738393, "source": "bybit", "volume_24h": 0.0, "source_ts": 1770404052.092, "event_ts": 1770404052.1738427, "receive_time": 1770404052.173843}
{"type": "quote", "symbol": "ETHUSDT", "bid": 0.0, "ask": 0.0, "mid": 0.0, "last": 0.0, "timestamp": 1770404052.184018, "source": "bybit", "volume_24h": 0.0, "source_ts": 1770404052.102, "event_ts": 1770404052.1840224, "receive_time": 1770404052.1840227}
{"type": "quote", "symbol": "BTCUSDT", "bid": 69881.8, "ask": 69881.9, "mid": 69881.85, "last": 69881.8, "timestamp": 1770404052.2739284, "source": "bybit", "volume_24h": 302122.208, "source_ts": 1770404052.192, "event_ts": 1770404052.2739325, "receive_time": 1770404052.2739327}
{"type": "quote", "symbol": "ETHUSDT", "bid": 2046.0, "ask": 2046.01, "mid": 2046.005, "last": 0.0, "timestamp": 1770404052.2834737, "source": "bybit", "volume_24h": 0.0, "source_ts": 1770404052.201, "event_ts": 1770404052.2834778, "receive_time": 1770404052.283478}
{"type": "quote", "symbol": "BTCUSDT", "bid": 69881.8, "ask": 69881.9, "mid": 69881.85, "last": 0.0, "timestamp": 1770404052.3740819, "source": "bybit", "volume_24h": 302122.21, "source_ts": 1770404052.292, "event_ts": 1770404052.3740835, "receive_time": 1770404052.3740835}
{"type": "quote", "symbol": "ETHUSDT", "bid": 2046.0, "ask": 2046.01, "mid": 2046.005, "last": 0.0, "timestamp": 1770404052.3832092, "source": "bybit", "volume_24h": 0.0, "source_ts": 1770404052.301, "event_ts": 1770404052.383213, "receive_time": 1770404052.3832133}
{"type": "quote", "symbol": "BTCUSDT", "bid": 69881.8, "ask": 69881.9, "mid": 69881.85, "last": 0.0, "timestamp": 1770404052.47387, "source": "bybit", "volume_24h": 302122.235, "source_ts": 1770404052.392, "event_ts": 1770404052.4738746, "receive_time": 1770404052.4738753}
{"type": "quote", "symbol": "ETHUSDT", "bid": 2046.11, "ask": 2046.12, "mid": 2046.1149999999998, "last": 2046.1, "timestamp": 1770404052.4835668, "source": "bybit", "volume_24h": 4136468.51, "source_ts": 1770404052.402, "event_ts": 1770404052.4835703, "receive_time": 1770404052.4835706}
{"type": "quote", "symbol": "BTCUSDT", "bid": 69885.5, "ask": 69885.6, "mid": 69885.55, "last": 69883.7, "timestamp": 1770404052.5741956, "source": "bybit", "volume_24h": 302122.773, "source_ts": 1770404052.492, "event_ts": 1770404052.5742006, "receive_time": 1770404052.5742009}
{"type": "quote", "symbol": "ETHUSDT", "bid": 2046.11, "ask": 2046.12, "mid": 2046.1149999999998, "last": 0.0, "timestamp": 1770404052.5829494, "source": "bybit", "volume_24h": 0.0, "source_ts": 1770404052.501, "event_ts": 1770404052.5829535, "receive_time": 1770404052.5829535}
{"type": "quote", "symbol": "BTCUSDT", "bid": 69885.7, "ask": 69885.8, "mid": 69885.75, "last": 69885.6, "timestamp": 1770404052.6740184, "source": "bybit", "volume_24h": 302122.777, "source_ts": 1770404052.592, "event_ts": 1770404052.6740236, "receive_time": 1770404052.6740239}
{"type": "quote", "symbol": "ETHUSDT", "bid": 0.0, "ask": 0.0, "mid": 0.0, "last": 0.0, "timestamp": 1770404052.6850724, "source": "bybit", "volume_24h": 0.0, "source_ts": 1770404052.602, "event_ts": 1770404052.685077, "receive_time": 1770404052.6850772}
{"type": "quote", "symbol": "BTCUSDT", "bid": 0.0, "ask": 69885.8, "mid": 0.0, "last": 0.0, "timestamp": 1770404052.7740958, "source": "bybit", "volume_24h": 0.0, "source_ts": 1770404052.692, "event_ts": 1770404052.7741003, "receive_time": 1770404052.7741003}
{"type": "quote", "symbol": "ETHUSDT", "bid": 2046.11, "ask": 2046.12, "mid": 2046.1149999999998, "last": 0.0, "timestamp": 1770404052.7839408, "source": "bybit", "volume_24h": 0.0, "source_ts": 1770404052.702, "event_ts": 1770404052.783946, "receive_time": 1770404052.7839463}
{"type": "quote", "symbol": "BTCUSDT", "bid": 0.0, "ask": 69885.8, "mid": 0.0, "last": 0.0, "timestamp": 1770404052.874025, "source": "bybit", "volume_24h": 0.0, "source_ts": 1770404052.792, "event_ts": 1770404052.8740294, "receive_time": 1770404052.8740296}
{"type": "quote", "symbol": "ETHUSDT", "bid": 2046.11, "ask": 2046.12, "mid": 2046.1149999999998, "last": 0.0, "timestamp": 1770404052.883365, "source": "bybit", "volume_24h": 0.0, "source_ts": 1770404052.802, "event_ts": 1770404052.883369, "receive_time": 1770404052.8833692}
{"type": "quote", "symbol": "BTCUSDT", "bid": 69885.7, "ask": 69885.8, "mid": 69885.75, "last": 0.0, "timestamp": 1770404052.9740634, "source": "bybit", "volume_24h": 0.0, "source_ts": 1770404052.892, "event_ts": 1770404052.9740672, "receive_time": 1770404052.9740677}
{"type": "quote", "symbol": "ETHUSDT", "bid": 0.0, "ask": 2046.12, "mid": 0.0, "last": 0.0, "timestamp": 1770404052.9835641, "source": "bybit", "volume_24h": 0.0, "source_ts": 1770404052.902, "event_ts": 1770404052.983568, "receive_time": 1770404052.9835682}
{"type": "quote", "symbol": "BTCUSDT", "bid": 69885.7, "ask": 69885.8, "mid": 69885.75, "last": 69885.8, "timestamp": 1770404053.0742679, "source": "bybit", "volume_24h": 302122.814, "source_ts": 1770404052.992, "event_ts": 1770404053.0742724, "receive_time": 1770404053.0742729}
{"type": "quote", "symbol": "ETHUSDT", "bid": 0.0, "ask": 2046.12, "mid": 0.0, "last": 0.0, "timestamp": 1770404053.0834644, "source": "bybit", "volume_24h": 0.0, "source_ts": 1770404053.002, "event_ts": 1770404053.0834696, "receive_time": 1770404053.0834699}
{"type": "quote", "symbol": "BTCUSDT", "bid": 0.0, "ask": 69885.8, "mid": 0.0, "last": 0.0, "timestamp": 1770404053.1741562, "source": "bybit", "volume_24h": 0.0, "source_ts": 1770404053.092, "event_ts": 1770404053.1741607, "receive_time": 1770404053.174161}
{"type": "quote", "symbol": "ETHUSDT", "bid": 0.0, "ask": 2046.12, "mid": 0.0, "last": 0.0, "timestamp": 1770404053.1829708, "source": "bybit", "volume_24h": 0.0, "source_ts": 1770404053.101, "event_ts": 1770404053.1829753, "receive_time": 1770404053.1829758}
{"type": "quote", "symbol": "BTCUSDT", "bid": 0.0, "ask": 69885.8, "mid": 0.0, "last": 0.0, "timestamp": 1770404053.273895, "source": "bybit", "volume_24h": 0.0, "source_ts": 1770404053.192, "event_ts": 1770404053.2738967, "receive_time": 1770404053.2738967}
{"type": "quote", "symbol": "ETHUSDT", "bid": 0.0, "ask": 2046.12, "mid": 0.0, "last": 0.0, "timestamp": 1770404053.283242, "source": "bybit", "volume_24h": 0.0, "source_ts": 1770404053.201, "event_ts": 1770404053.2832463, "receive_time": 1770404053.2832468}
{"type": "quote", "symbol": "BTCUSDT", "bid": 0.0, "ask": 0.0, "mid": 0.0, "last": 0.0, "timestamp": 1770404053.37415, "source": "bybit", "volume_24h": 0.0, "source_ts": 1770404053.292, "event_ts": 1770404053.3741558, "receive_time": 1770404053.374156}
{"type": "quote", "symbol": "ETHUSDT", "bid": 2046.11, "ask": 0.0, "mid": 0.0, "last": 0.0, "timestamp": 1770404053.3830552, "source": "bybit", "volume_24h": 0.0, "source_ts": 1770404053.301, "event_ts": 1770404053.3830597, "receive_time": 1770404053.38306}
{"type": "quote", "symbol": "BTCUSDT", "bid": 69881.8, "ask": 69881.9, "mid": 69881.85, "last": 69883.3, "timestamp": 1770404053.4741564, "source": "bybit", "volume_24h": 302122.852, "source_ts": 1770404053.392, "event_ts": 1770404053.47416, "receive_time": 1770404053.4741602}
{"type": "quote", "symbol": "ETHUSDT", "bid": 2045.84, "ask": 2045.85, "mid": 2045.8449999999998, "last": 2045.95, "timestamp": 1770404053.4831278, "source": "bybit", "volume_24h": 4136468.79, "source_ts": 1770404053.401, "event_ts": 1770404053.4831324, "receive_time": 1770404053.4831326}
{"type": "quote", "symbol": "BTCUSDT", "bid": 69875.3, "ask": 69875.4, "mid": 69875.35, "last": 69875.4, "timestamp": 1770404053.5740964, "source": "bybit", "volume_24h": 302122.949, "source_ts": 1770404053.492, "event_ts": 1770404053.5741014, "receive_time": 1770404053.5741017}
{"type": "quote", "symbol": "ETHUSDT", "bid": 2045.73, "ask": 2045.74, "mid": 2045.7350000000001, "last": 2045.74, "timestamp": 1770404053.5834053, "source": "bybit", "volume_24h": 4136469.94, "source_ts": 1770404053.501, "event_ts": 1770404053.58341, "receive_time": 1770404053.5834103}
{"type": "quote", "symbol": "BTCUSDT", "bid": 69875.3, "ask": 69875.4, "mid": 69875.35, "last": 69875.3, "timestamp": 1770404053.6739905, "source": "bybit", "volume_24h": 302122.967, "source_ts": 1770404053.592, "event_ts": 1770404053.6739957, "receive_time": 1770404053.6739962}
{"type": "quote", "symbol": "ETHUSDT", "bid": 0.0, "ask": 0.0, "mid": 0.0, "last": 0.0, "timestamp": 1770404053.6831303, "source": "bybit", "volume_24h": 0.0, "source_ts": 1770404053.601, "event_ts": 1770404053.6831353, "receive_time": 1770404053.6831355}
{"type": "quote", "symbol": "BTCUSDT", "bid": 69871.1, "ask": 69871.2, "mid": 69871.15, "last": 69872.0, "timestamp": 1770404053.7743688, "source": "bybit", "volume_24h": 302123.925, "source_ts": 1770404053.692, "event_ts": 1770404053.7743719, "receive_time": 1770404053.774372}
{"type": "quote", "symbol": "ETHUSDT", "bid": 2045.51, "ask": 2045.52, "mid": 2045.5149999999999, "last": 2045.52, "timestamp": 1770404053.783278, "source": "bybit", "volume_24h": 4136472.74, "source_ts": 1770404053.701, "event_ts": 1770404053.7832818, "receive_time": 1770404053.7832818}
{"type": "quote", "symbol": "BTCUSDT", "bid": 69864.0, "ask": 69864.1, "mid": 69864.05, "last": 69864.8, "timestamp": 1770404053.8739855, "source": "bybit", "volume_24h": 302123.968, "source_ts": 1770404053.792, "event_ts": 1770404053.8739882, "receive_time": 1770404053.8739884}
{"type": "quote", "symbol": "ETHUSDT", "bid": 2045.4, "ask": 2045.41, "mid": 2045.4050000000002, "last": 2045.42, "timestamp": 1770404053.8830998, "source": "bybit", "volume_24h": 4136472.88, "source_ts": 1770404053.801, "event_ts": 1770404053.883104, "receive_time": 1770404053.8831043}
{"type": "quote", "symbol": "BTCUSDT", "bid": 69862.8, "ask": 69862.9, "mid": 69862.85, "last": 69862.8, "timestamp": 1770404053.973824, "source": "bybit", "volume_24h": 302123.986, "source_ts": 1770404053.892, "event_ts": 1770404053.9738257, "receive_time": 1770404053.9738257}
{"type": "quote", "symbol": "ETHUSDT", "bid": 0.0, "ask": 2045.41, "mid": 0.0, "last": 0.0, "timestamp": 1770404053.982827, "source": "bybit", "volume_24h": 0.0, "source_ts": 1770404053.901, "event_ts": 1770404053.982831, "receive_time": 1770404053.9828317}
{"type": "quote", "symbol": "BTCUSDT", "bid": 69857.3, "ask": 69857.4, "mid": 69857.35, "last": 69857.8, "timestamp": 1770404054.074371, "source": "bybit", "volume_24h": 302124.004, "source_ts": 1770404053.992, "event_ts": 1770404054.074377, "receive_time": 1770404054.0743773}
{"type": "quote", "symbol": "ETHUSDT", "bid": 0.0, "ask": 2045.41, "mid": 0.0, "last": 0.0, "timestamp": 1770404054.0833964, "source": "bybit", "volume_24h": 0.0, "source_ts": 1770404054.002, "event_ts": 1770404054.083401, "receive_time": 1770404054.0834012}
{"type": "quote", "symbol": "BTCUSDT", "bid": 69857.3, "ask": 69857.4, "mid": 69857.35, "last": 0.0, "timestamp": 1770404054.173803, "source": "bybit", "volume_24h": 0.0, "source_ts": 1770404054.092, "event_ts": 1770404054.1738076, "receive_time": 1770404054.1738076}
{"type": "quote", "symbol": "ETHUSDT", "bid": 2045.1, "ask": 2045.11, "mid": 2045.105, "last": 2045.1, "timestamp": 1770404054.1832435, "source": "bybit", "volume_24h": 4136473.31, "source_ts": 1770404054.101, "event_ts": 1770404054.1832478, "receive_time": 1770404054.1832483}
{"type": "quote", "symbol": "BTCUSDT", "bid": 69855.6, "ask": 69855.7, "mid": 69855.65, "last": 69855.6, "timestamp": 1770404054.27375, "source": "bybit", "volume_24h": 302124.026, "source_ts": 1770404054.192, "event_ts": 1770404054.273752, "receive_time": 1770404054.2737522}
{"type": "quote", "symbol": "ETHUSDT", "bid": 2045.1, "ask": 2045.11, "mid": 2045.105, "last": 0.0, "timestamp": 1770404054.285338, "source": "bybit", "volume_24h": 0.0, "source_ts": 1770404054.201, "event_ts": 1770404054.2853422, "receive_time": 1770404054.2853425}
{"type": "quote", "symbol": "BTCUSDT", "bid": 69850.0, "ask": 69850.1, "mid": 69850.05, "last": 69850.0, "timestamp": 1770404054.3743296, "source": "bybit", "volume_24h": 302124.136, "source_ts": 1770404054.292, "event_ts": 1770404054.374332, "receive_time": 1770404054.3743322}
{"type": "quote", "symbol": "ETHUSDT", "bid": 2045.1, "ask": 2045.11, "mid": 2045.105, "last": 0.0, "timestamp": 1770404054.3831291, "source": "bybit", "volume_24h": 0.0, "source_ts": 1770404054.301, "event_ts": 1770404054.3831336, "receive_time": 1770404054.3831341}
{"type": "quote", "symbol": "BTCUSDT", "bid": 69850.0, "ask": 69850.1, "mid": 69850.05, "last": 0.0, "timestamp": 1770404054.4745688, "source": "bybit", "volume_24h": 0.0, "source_ts": 1770404054.392, "event_ts": 1770404054.474571, "receive_time": 1770404054.4745712}
{"type": "quote", "symbol": "ETHUSDT", "bid": 2045.1, "ask": 2045.11, "mid": 2045.105, "last": 0.0, "timestamp": 1770404054.4830697, "source": "bybit", "volume_24h": 0.0, "source_ts": 1770404054.401, "event_ts": 1770404054.483073, "receive_time": 1770404054.4830732}
{"type": "quote", "symbol": "BTCUSDT", "bid": 69850.0, "ask": 69850.1, "mid": 69850.05, "last": 0.0, "timestamp": 1770404054.5739753, "source": "bybit", "volume_24h": 0.0, "source_ts": 1770404054.492, "event_ts": 1770404054.5739777, "receive_time": 1770404054.573978}
{"type": "quote", "symbol": "ETHUSDT", "bid": 0.0, "ask": 2045.11, "mid": 0.0, "last": 0.0, "timestamp": 1770404054.5836685, "source": "bybit", "volume_24h": 0.0, "source_ts": 1770404054.502, "event_ts": 1770404054.5836728, "receive_time": 1770404054.583673}
{"type": "quote", "symbol": "BTCUSDT", "bid": 0.0, "ask": 69850.1, "mid": 0.0, "last": 0.0, "timestamp": 1770404054.674069, "source": "bybit", "volume_24h": 0.0, "source_ts": 1770404054.592, "event_ts": 1770404054.674074, "receive_time": 1770404054.6740742}
{"type": "quote", "symbol": "BTCUSDT", "bid": 69850.0, "ask": 0.0, "mid": 0.0, "last": 0.0, "timestamp": 1770404054.773883, "source": "bybit", "volume_24h": 302124.137, "source_ts": 1770404054.692, "event_ts": 1770404054.7738853, "receive_time": 1770404054.7738855}
{"type": "quote", "symbol": "ETHUSDT", "bid": 0.0, "ask": 2045.11, "mid": 0.0, "last": 0.0, "timestamp": 1770404054.7830696, "source": "bybit", "volume_24h": 0.0, "source_ts": 1770404054.701, "event_ts": 1770404054.783074, "receive_time": 1770404054.7830744}
{"type": "quote", "symbol": "BTCUSDT", "bid": 69850.0, "ask": 69850.1, "mid": 69850.05, "last": 69850.1, "timestamp": 1770404054.8745751, "source": "bybit", "volume_24h": 302124.347, "source_ts": 1770404054.792, "event_ts": 1770404054.8745794, "receive_time": 1770404054.8745797}
{"type": "quote", "symbol": "BTCUSDT", "bid": 69850.0, "ask": 69850.1, "mid": 69850.05, "last": 0.0, "timestamp": 1770404054.97386, "source": "bybit", "volume_24h": 0.0, "source_ts": 1770404054.892, "event_ts": 1770404054.973865, "receive_time": 1770404054.9738653}
{"type": "quote", "symbol": "ETHUSDT", "bid": 2044.95, "ask": 2044.96, "mid": 2044.955, "last": 2044.95, "timestamp": 1770404054.9834595, "source": "bybit", "volume_24h": 4136479.29, "source_ts": 1770404054.901, "event_ts": 1770404054.9834645, "receive_time": 1770404054.9834647}
{"type": "quote", "symbol": "BTCUSDT", "bid": 69849.0, "ask": 69849.1, "mid": 69849.05, "last": 69849.4, "timestamp": 1770404055.0738668, "source": "bybit", "volume_24h": 302124.405, "source_ts": 1770404054.992, "event_ts": 1770404055.0738714, "receive_time": 1770404055.0738716}
{"type": "quote", "symbol": "ETHUSDT", "bid": 0.0, "ask": 0.0, "mid": 0.0, "last": 0.0, "timestamp": 1770404055.08351, "source": "bybit", "volume_24h": 0.0, "source_ts": 1770404055.001, "event_ts": 1770404055.083515, "receive_time": 1770404055.083515}
{"type": "quote", "symbol": "BTCUSDT", "bid": 69842.7, "ask": 69842.8, "mid": 69842.75, "last": 69843.1, "timestamp": 1770404055.1739638, "source": "bybit", "volume_24h": 302130.439, "source_ts": 1770404055.092, "event_ts": 1770404055.173968, "receive_time": 1770404055.1739683}
{"type": "quote", "symbol": "ETHUSDT", "bid": 2044.75, "ask": 2044.76, "mid": 2044.755, "last": 2044.75, "timestamp": 1770404055.1838317, "source": "bybit", "volume_24h": 4136479.71, "source_ts": 1770404055.102, "event_ts": 1770404055.1838365, "receive_time": 1770404055.1838367}
{"type": "quote", "symbol": "BTCUSDT", "bid": 69834.0, "ask": 69834.1, "mid": 69834.05, "last": 69834.4, "timestamp": 1770404055.2738616, "source": "bybit", "volume_24h": 302130.551, "source_ts": 1770404055.192, "event_ts": 1770404055.2738655, "receive_time": 1770404055.2738657}
{"type": "quote", "symbol": "ETHUSDT", "bid": 2044.75, "ask": 2044.76, "mid": 2044.755, "last": 0.0, "timestamp": 1770404055.2830937, "source": "bybit", "volume_24h": 0.0, "source_ts": 1770404055.201, "event_ts": 1770404055.2830975, "receive_time": 1770404055.2830975}
{"type": "quote", "symbol": "BTCUSDT", "bid": 69831.3, "ask": 69831.4, "mid": 69831.35, "last": 69832.0, "timestamp": 1770404055.37424, "source": "bybit", "volume_24h": 302130.565, "source_ts": 1770404055.292, "event_ts": 1770404055.374242, "receive_time": 1770404055.3742423}
{"type": "quote", "symbol": "ETHUSDT", "bid": 2044.16, "ask": 2044.17, "mid": 2044.165, "last": 2044.16, "timestamp": 1770404055.3832304, "source": "bybit", "volume_24h": 4136498.11, "source_ts": 1770404055.301, "event_ts": 1770404055.383235, "receive_time": 1770404055.3832352}
{"type": "quote", "symbol": "BTCUSDT", "bid": 69824.2, "ask": 69824.3, "mid": 69824.25, "last": 69824.4, "timestamp": 1770404055.4809268, "source": "bybit", "volume_24h": 302130.586, "source_ts": 1770404055.398, "event_ts": 1770404055.4809308, "receive_time": 1770404055.480931}
{"type": "quote", "symbol": "ETHUSDT", "bid": 2044.27, "ask": 2044.28, "mid": 2044.275, "last": 2044.22, "timestamp": 1770404055.483143, "source": "bybit", "volume_24h": 4136498.4, "source_ts": 1770404055.401, "event_ts": 1770404055.483147, "receive_time": 1770404055.4831476}
{"type": "quote", "symbol": "BTCUSDT", "bid": 69820.0, "ask": 69820.1, "mid": 69820.05, "last": 69821.4, "timestamp": 1770404055.5741382, "source": "bybit", "volume_24h": 302130.599, "source_ts": 1770404055.492, "event_ts": 1770404055.5741417, "receive_time": 1770404055.5741417}
{"type": "quote", "symbol": "ETHUSDT", "bid": 2044.27, "ask": 2044.28, "mid": 2044.275, "last": 0.0, "timestamp": 1770404055.5832577, "source": "bybit", "volume_24h": 0.0, "source_ts": 1770404055.501, "event_ts": 1770404055.5832622, "receive_time": 1770404055.5832624}
{"type": "quote", "symbol": "BTCUSDT", "bid": 69818.6, "ask": 69818.7, "mid": 69818.65, "last": 69819.3, "timestamp": 1770404055.6738954, "source": "bybit", "volume_24h": 302130.61, "source_ts": 1770404055.592, "event_ts": 1770404055.6738994, "receive_time": 1770404055.6738994}
{"type": "quote", "symbol": "ETHUSDT", "bid": 2044.08, "ask": 2044.09, "mid": 2044.085, "last": 2044.14, "timestamp": 1770404055.6836565, "source": "bybit", "volume_24h": 4136498.47, "source_ts": 1770404055.602, "event_ts": 1770404055.6836605, "receive_time": 1770404055.6836607}
{"type": "quote", "symbol": "BTCUSDT", "bid": 69818.6, "ask": 69818.7, "mid": 69818.65, "last": 69818.6, "timestamp": 1770404055.7741916, "source": "bybit", "volume_24h": 302130.611, "source_ts": 1770404055.692, "event_ts": 1770404055.7741966, "receive_time": 1770404055.774197}
{"type": "quote", "symbol": "ETHUSDT", "bid": 0.0, "ask": 2044.09, "mid": 0.0, "last": 0.0, "timestamp": 1770404055.7849152, "source": "bybit", "volume_24h": 0.0, "source_ts": 1770404055.702, "event_ts": 1770404055.7849202, "receive_time": 1770404055.7849202}
{"type": "quote", "symbol": "BTCUSDT", "bid": 69818.6, "ask": 69818.7, "mid": 69818.65, "last": 0.0, "timestamp": 1770404055.8741732, "source": "bybit", "volume_24h": 0.0, "source_ts": 1770404055.792, "event_ts": 1770404055.8741784, "receive_time": 1770404055.8741786}
{"type": "quote", "symbol": "BTCUSDT", "bid": 69818.6, "ask": 69818.7, "mid": 69818.65, "last": 69815.0, "timestamp": 1770404055.9740117, "source": "bybit", "volume_24h": 302131.611, "source_ts": 1770404055.892, "event_ts": 1770404055.9740148, "receive_time": 1770404055.974015}
{"type": "quote", "symbol": "ETHUSDT", "bid": 2044.08, "ask": 0.0, "mid": 0.0, "last": 0.0, "timestamp": 1770404055.9830415, "source": "bybit", "volume_24h": 0.0, "source_ts": 1770404055.901, "event_ts": 1770404055.9830453, "receive_time": 1770404055.9830456}
{"type": "quote", "symbol": "BTCUSDT", "bid": 69818.6, "ask": 69818.7, "mid": 69818.65, "last": 0.0, "timestamp": 1770404056.0743783, "source": "bybit", "volume_24h": 0.0, "source_ts": 1770404055.992, "event_ts": 1770404056.074383, "receive_time": 1770404056.0743835}
{"type": "quote", "symbol": "ETHUSDT", "bid": 0.0, "ask": 2044.09, "mid": 0.0, "last": 0.0, "timestamp": 1770404056.083252, "source": "bybit", "volume_24h": 0.0, "source_ts": 1770404056.001, "event_ts": 1770404056.0832572, "receive_time": 1770404056.0832574}
{"type": "quote", "symbol": "BTCUSDT", "bid": 69818.6, "ask": 0.0, "mid": 0.0, "last": 0.0, "timestamp": 1770404056.1740026, "source": "bybit", "volume_24h": 0.0, "source_ts": 1770404056.092, "event_ts": 1770404056.174005, "receive_time": 1770404056.174005}
{"type": "quote", "symbol": "ETHUSDT", "bid": 0.0, "ask": 2044.09, "mid": 0.0, "last": 0.0, "timestamp": 1770404056.1828952, "source": "bybit", "volume_24h": 0.0, "source_ts": 1770404056.101, "event_ts": 1770404056.1829002, "receive_time": 1770404056.1829004}
{"type": "quote", "symbol": "BTCUSDT", "bid": 69818.6, "ask": 69818.7, "mid": 69818.65, "last": 0.0, "timestamp": 1770404056.2739074, "source": "bybit", "volume_24h": 0.0, "source_ts": 1770404056.192, "event_ts": 1770404056.273911, "receive_time": 1770404056.2739115}
{"type": "quote", "symbol": "ETHUSDT", "bid": 2044.08, "ask": 0.0, "mid": 0.0, "last": 0.0, "timestamp": 1770404056.2835934, "source": "bybit", "volume_24h": 0.0, "source_ts": 1770404056.202, "event_ts": 1770404056.2835977, "receive_time": 1770404056.2835977}
{"type": "quote", "symbol": "BTCUSDT", "bid": 69820.7, "ask": 69820.8, "mid": 69820.75, "last": 69820.8, "timestamp": 1770404056.374604, "source": "bybit", "volume_24h": 302131.657, "source_ts": 1770404056.292, "event_ts": 1770404056.374606, "receive_time": 1770404056.374606}
{"type": "quote", "symbol": "ETHUSDT", "bid": 2044.15, "ask": 2044.16, "mid": 2044.1550000000002, "last": 2044.1, "timestamp": 1770404056.3827362, "source": "bybit", "volume_24h": 4136501.63, "source_ts": 1770404056.301, "event_ts": 1770404056.38274, "receive_time": 1770404056.3827403}
{"type": "quote", "symbol": "BTCUSDT", "bid": 69824.9, "ask": 69825.0, "mid": 69824.95, "last": 69824.3, "timestamp": 1770404056.4741938, "source": "bybit", "volume_24h": 302132.049, "source_ts": 1770404056.392, "event_ts": 1770404056.474198, "receive_time": 1770404056.4741983}
{"type": "quote", "symbol": "ETHUSDT", "bid": 2044.15, "ask": 0.0, "mid": 0.0, "last": 0.0, "timestamp": 1770404056.4836154, "source": "bybit", "volume_24h": 0.0, "source_ts": 1770404056.401, "event_ts": 1770404056.4836202, "receive_time": 1770404056.4836204}
{"type": "quote", "symbol": "BTCUSDT", "bid": 69824.9, "ask": 69825.0, "mid": 69824.95, "last": 0.0, "timestamp": 1770404056.573994, "source": "bybit", "volume_24h": 0.0, "source_ts": 1770404056.492, "event_ts": 1770404056.5739975, "receive_time": 1770404056.5739977}
{"type": "quote", "symbol": "ETHUSDT", "bid": 2044.15, "ask": 0.0, "mid": 0.0, "last": 0.0, "timestamp": 1770404056.5830674, "source": "bybit", "volume_24h": 0.0, "source_ts": 1770404056.501, "event_ts": 1770404056.5830717, "receive_time": 1770404056.583072}
{"type": "quote", "symbol": "BTCUSDT", "bid": 69829.4, "ask": 69829.5, "mid": 69829.45, "last": 69828.5, "timestamp": 1770404056.673941, "source": "bybit", "volume_24h": 302132.06, "source_ts": 1770404056.592, "event_ts": 1770404056.673945, "receive_time": 1770404056.6739452}
{"type": "quote", "symbol": "ETHUSDT", "bid": 2044.34, "ask": 2044.35, "mid": 2044.3449999999998, "last": 2044.34, "timestamp": 1770404056.68309, "source": "bybit", "volume_24h": 4136501.79, "source_ts": 1770404056.601, "event_ts": 1770404056.6830938, "receive_time": 1770404056.683094}
{"type": "quote", "symbol": "BTCUSDT", "bid": 69829.4, "ask": 69829.5, "mid": 69829.45, "last": 69829.4, "timestamp": 1770404056.7740579, "source": "bybit", "volume_24h": 302132.151, "source_ts": 1770404056.692, "event_ts": 1770404056.7740626, "receive_time": 1770404056.7740629}
{"type": "quote", "symbol": "ETHUSDT", "bid": 2044.34, "ask": 2044.35, "mid": 2044.3449999999998, "last": 0.0, "timestamp": 1770404056.783228, "source": "bybit", "volume_24h": 0.0, "source_ts": 1770404056.701, "event_ts": 1770404056.7832317, "receive_time": 1770404056.783232}
{"type": "quote", "symbol": "BTCUSDT", "bid": 69829.4, "ask": 69829.5, "mid": 69829.45, "last": 0.0, "timestamp": 1770404056.8742096, "source": "bybit", "volume_24h": 0.0, "source_ts": 1770404056.792, "event_ts": 1770404056.874214, "receive_time": 1770404056.8742142}
{"type": "quote", "symbol": "ETHUSDT", "bid": 2044.34, "ask": 0.0, "mid": 0.0, "last": 0.0, "timestamp": 1770404056.8835967, "source": "bybit", "volume_24h": 0.0, "source_ts": 1770404056.802, "event_ts": 1770404056.8836017, "receive_time": 1770404056.883602}
{"type": "quote", "symbol": "BTCUSDT", "bid": 69829.4, "ask": 69829.5, "mid": 69829.45, "last": 69829.5, "timestamp": 1770404056.9740202, "source": "bybit", "volume_24h": 302132.152, "source_ts": 1770404056.892, "event_ts": 1770404056.9740248, "receive_time": 1770404056.974025}
{"type": "quote", "symbol": "ETHUSDT", "bid": 2044.34, "ask": 2044.35, "mid": 2044.3449999999998, "last": 0.0, "timestamp": 1770404056.9840214, "source": "bybit", "volume_24h": 0.0, "source_ts": 1770404056.902, "event_ts": 1770404056.9840257, "receive_time": 1770404056.9840257}
{"type": "quote", "symbol": "BTCUSDT", "bid": 0.0, "ask": 69829.5, "mid": 0.0, "last": 0.0, "timestamp": 1770404057.0739605, "source": "bybit", "volume_24h": 0.0, "source_ts": 1770404056.992, "event_ts": 1770404057.0739653, "receive_time": 1770404057.0739655}
{"type": "quote", "symbol": "ETHUSDT", "bid": 2044.16, "ask": 2044.17, "mid": 2044.165, "last": 2044.16, "timestamp": 1770404057.082914, "source": "bybit", "volume_24h": 4136501.93, "source_ts": 1770404057.001, "event_ts": 1770404057.0829182, "receive_time": 1770404057.0829184}
{"type": "quote", "symbol": "BTCUSDT", "bid": 69838.1, "ask": 69838.2, "mid": 69838.15, "last": 69836.8, "timestamp": 1770404057.1738646, "source": "bybit", "volume_24h": 302132.176, "source_ts": 1770404057.092, "event_ts": 1770404057.1738677, "receive_time": 1770404057.1738682}
{"type": "quote", "symbol": "ETHUSDT", "bid": 2044.16, "ask": 2044.17, "mid": 2044.165, "last": 0.0, "timestamp": 1770404057.18297, "source": "bybit", "volume_24h": 0.0, "source_ts": 1770404057.101, "event_ts": 1770404057.1829734, "receive_time": 1770404057.1829736}
